%YAML 1.1
%TAG !u! tag:unity3d.com,2011:
--- !u!29 &1
OcclusionCullingSettings:
  m_ObjectHideFlags: 0
  serializedVersion: 2
  m_OcclusionBakeSettings:
    smallestOccluder: 5
    smallestHole: 0.25
    backfaceThreshold: 100
  m_SceneGUID: 00000000000000000000000000000000
  m_OcclusionCullingData: {fileID: 0}
--- !u!104 &2
RenderSettings:
  m_ObjectHideFlags: 0
  serializedVersion: 10
  m_Fog: 0
  m_FogColor: {r: 0.5, g: 0.5, b: 0.5, a: 1}
  m_FogMode: 3
  m_FogDensity: 0.01
  m_LinearFogStart: 0
  m_LinearFogEnd: 300
  m_AmbientSkyColor: {r: 0.212, g: 0.227, b: 0.259, a: 1}
  m_AmbientEquatorColor: {r: 0.114, g: 0.125, b: 0.133, a: 1}
  m_AmbientGroundColor: {r: 0.047, g: 0.043, b: 0.035, a: 1}
  m_AmbientIntensity: 1
  m_AmbientMode: 0
  m_SubtractiveShadowColor: {r: 0.42, g: 0.478, b: 0.627, a: 1}
  m_SkyboxMaterial: {fileID: 10304, guid: 0000000000000000f000000000000000, type: 0}
  m_HaloStrength: 0.5
  m_FlareStrength: 1
  m_FlareFadeSpeed: 3
  m_HaloTexture: {fileID: 0}
  m_SpotCookie: {fileID: 10001, guid: 0000000000000000e000000000000000, type: 0}
  m_DefaultReflectionMode: 0
  m_DefaultReflectionResolution: 128
  m_ReflectionBounces: 1
  m_ReflectionIntensity: 1
  m_CustomReflection: {fileID: 0}
  m_Sun: {fileID: 0}
  m_UseRadianceAmbientProbe: 0
--- !u!157 &3
LightmapSettings:
  m_ObjectHideFlags: 0
  serializedVersion: 13
  m_BakeOnSceneLoad: 0
  m_GISettings:
    serializedVersion: 2
    m_BounceScale: 1
    m_IndirectOutputScale: 1
    m_AlbedoBoost: 1
    m_EnvironmentLightingMode: 0
    m_EnableBakedLightmaps: 1
    m_EnableRealtimeLightmaps: 0
  m_LightmapEditorSettings:
    serializedVersion: 12
    m_Resolution: 2
    m_BakeResolution: 40
    m_AtlasSize: 1024
    m_AO: 0
    m_AOMaxDistance: 1
    m_CompAOExponent: 1
    m_CompAOExponentDirect: 0
    m_ExtractAmbientOcclusion: 0
    m_Padding: 2
    m_LightmapParameters: {fileID: 0}
    m_LightmapsBakeMode: 1
    m_TextureCompression: 1
    m_ReflectionCompression: 2
    m_MixedBakeMode: 2
    m_BakeBackend: 1
    m_PVRSampling: 1
    m_PVRDirectSampleCount: 32
    m_PVRSampleCount: 512
    m_PVRBounces: 2
    m_PVREnvironmentSampleCount: 256
    m_PVREnvironmentReferencePointCount: 2048
    m_PVRFilteringMode: 1
    m_PVRDenoiserTypeDirect: 1
    m_PVRDenoiserTypeIndirect: 1
    m_PVRDenoiserTypeAO: 1
    m_PVRFilterTypeDirect: 0
    m_PVRFilterTypeIndirect: 0
    m_PVRFilterTypeAO: 0
    m_PVREnvironmentMIS: 1
    m_PVRCulling: 1
    m_PVRFilteringGaussRadiusDirect: 1
    m_PVRFilteringGaussRadiusIndirect: 1
    m_PVRFilteringGaussRadiusAO: 1
    m_PVRFilteringAtrousPositionSigmaDirect: 0.5
    m_PVRFilteringAtrousPositionSigmaIndirect: 2
    m_PVRFilteringAtrousPositionSigmaAO: 1
    m_ExportTrainingData: 0
    m_TrainingDataDestination: TrainingData
    m_LightProbeSampleCountMultiplier: 4
  m_LightingDataAsset: {fileID: 20201, guid: 0000000000000000f000000000000000, type: 0}
  m_LightingSettings: {fileID: 0}
--- !u!196 &4
NavMeshSettings:
  serializedVersion: 2
  m_ObjectHideFlags: 0
  m_BuildSettings:
    serializedVersion: 3
    agentTypeID: 0
    agentRadius: 0.5
    agentHeight: 2
    agentSlope: 45
    agentClimb: 0.4
    ledgeDropHeight: 0
    maxJumpAcrossDistance: 0
    minRegionArea: 2
    manualCellSize: 0
    cellSize: 0.16666667
    manualTileSize: 0
    tileSize: 256
    buildHeightMesh: 0
    maxJobWorkers: 0
    preserveTilesOutsideBounds: 0
    debug:
      m_Flags: 0
  m_NavMeshData: {fileID: 0}
--- !u!1 &875993231
GameObject:
  m_ObjectHideFlags: 0
  m_CorrespondingSourceObject: {fileID: 0}
  m_PrefabInstance: {fileID: 0}
  m_PrefabAsset: {fileID: 0}
  serializedVersion: 6
  m_Component:
  - component: {fileID: 875993234}
  - component: {fileID: 875993233}
  - component: {fileID: 875993232}
  m_Layer: 0
  m_Name: Directional Light
  m_TagString: Untagged
  m_Icon: {fileID: 0}
  m_NavMeshLayer: 0
  m_StaticEditorFlags: 0
  m_IsActive: 1
--- !u!114 &875993232
MonoBehaviour:
  m_ObjectHideFlags: 0
  m_CorrespondingSourceObject: {fileID: 0}
  m_PrefabInstance: {fileID: 0}
  m_PrefabAsset: {fileID: 0}
  m_GameObject: {fileID: 875993231}
  m_Enabled: 1
  m_EditorHideFlags: 0
  m_Script: {fileID: 11500000, guid: 474bcb49853aa07438625e644c072ee6, type: 3}
  m_Name: 
  m_EditorClassIdentifier: 
  m_Version: 3
  m_UsePipelineSettings: 1
  m_AdditionalLightsShadowResolutionTier: 2
  m_LightLayerMask: 1
  m_RenderingLayers: 1
  m_CustomShadowLayers: 0
  m_ShadowLayerMask: 1
  m_ShadowRenderingLayers: 1
  m_LightCookieSize: {x: 1, y: 1}
  m_LightCookieOffset: {x: 0, y: 0}
  m_SoftShadowQuality: 0
--- !u!108 &875993233
Light:
  m_ObjectHideFlags: 0
  m_CorrespondingSourceObject: {fileID: 0}
  m_PrefabInstance: {fileID: 0}
  m_PrefabAsset: {fileID: 0}
  m_GameObject: {fileID: 875993231}
  m_Enabled: 1
  serializedVersion: 11
  m_Type: 1
  m_Color: {r: 1, g: 1, b: 1, a: 1}
  m_Intensity: 1
  m_Range: 10
  m_SpotAngle: 30
  m_InnerSpotAngle: 21.80208
  m_CookieSize: 10
  m_Shadows:
    m_Type: 0
    m_Resolution: -1
    m_CustomResolution: -1
    m_Strength: 1
    m_Bias: 0.05
    m_NormalBias: 0.4
    m_NearPlane: 0.2
    m_CullingMatrixOverride:
      e00: 1
      e01: 0
      e02: 0
      e03: 0
      e10: 0
      e11: 1
      e12: 0
      e13: 0
      e20: 0
      e21: 0
      e22: 1
      e23: 0
      e30: 0
      e31: 0
      e32: 0
      e33: 1
    m_UseCullingMatrixOverride: 0
  m_Cookie: {fileID: 0}
  m_DrawHalo: 0
  m_Flare: {fileID: 0}
  m_RenderMode: 0
  m_CullingMask:
    serializedVersion: 2
    m_Bits: 4294967295
  m_RenderingLayerMask: 1
  m_Lightmapping: 4
  m_LightShadowCasterMode: 0
  m_AreaSize: {x: 1, y: 1}
  m_BounceIntensity: 1
  m_ColorTemperature: 6570
  m_UseColorTemperature: 0
  m_BoundingSphereOverride: {x: 0, y: 0, z: 0, w: 0}
  m_UseBoundingSphereOverride: 0
  m_UseViewFrustumForShadowCasterCull: 1
  m_ForceVisible: 0
  m_ShadowRadius: 0
  m_ShadowAngle: 0
  m_LightUnit: 1
  m_LuxAtDistance: 1
  m_EnableSpotReflector: 1
--- !u!4 &875993234
Transform:
  m_ObjectHideFlags: 0
  m_CorrespondingSourceObject: {fileID: 0}
  m_PrefabInstance: {fileID: 0}
  m_PrefabAsset: {fileID: 0}
  m_GameObject: {fileID: 875993231}
  serializedVersion: 2
  m_LocalRotation: {x: 0.40821788, y: -0.23456968, z: 0.10938163, w: 0.8754261}
  m_LocalPosition: {x: 0, y: 0, z: 0}
  m_LocalScale: {x: 1, y: 1, z: 1}
  m_ConstrainProportionsScale: 0
  m_Children: []
  m_Father: {fileID: 0}
  m_LocalEulerAnglesHint: {x: 50, y: -30, z: 0}
--- !u!1 &1396847025
GameObject:
  m_ObjectHideFlags: 0
  m_CorrespondingSourceObject: {fileID: 0}
  m_PrefabInstance: {fileID: 0}
  m_PrefabAsset: {fileID: 0}
  serializedVersion: 6
  m_Component:
  - component: {fileID: 1396847029}
  - component: {fileID: 1396847028}
  - component: {fileID: 1396847027}
  - component: {fileID: 1396847026}
  m_Layer: 0
  m_Name: Camera
  m_TagString: Untagged
  m_Icon: {fileID: 0}
  m_NavMeshLayer: 0
  m_StaticEditorFlags: 0
  m_IsActive: 1
--- !u!114 &1396847026
MonoBehaviour:
  m_ObjectHideFlags: 0
  m_CorrespondingSourceObject: {fileID: 0}
  m_PrefabInstance: {fileID: 0}
  m_PrefabAsset: {fileID: 0}
  m_GameObject: {fileID: 1396847025}
  m_Enabled: 1
  m_EditorHideFlags: 0
  m_Script: {fileID: 11500000, guid: a79441f348de89743a2939f4d699eac1, type: 3}
  m_Name: 
  m_EditorClassIdentifier: 
  m_RenderShadows: 1
  m_RequiresDepthTextureOption: 2
  m_RequiresOpaqueTextureOption: 2
  m_CameraType: 0
  m_Cameras: []
  m_RendererIndex: -1
  m_VolumeLayerMask:
    serializedVersion: 2
    m_Bits: 1
  m_VolumeTrigger: {fileID: 0}
  m_VolumeFrameworkUpdateModeOption: 2
  m_RenderPostProcessing: 0
  m_Antialiasing: 0
  m_AntialiasingQuality: 2
  m_StopNaN: 0
  m_Dithering: 0
  m_ClearDepth: 1
  m_AllowXRRendering: 1
  m_AllowHDROutput: 1
  m_UseScreenCoordOverride: 0
  m_ScreenSizeOverride: {x: 0, y: 0, z: 0, w: 0}
  m_ScreenCoordScaleBias: {x: 0, y: 0, z: 0, w: 0}
  m_RequiresDepthTexture: 0
  m_RequiresColorTexture: 0
  m_Version: 2
  m_TaaSettings:
    m_Quality: 3
    m_FrameInfluence: 0.1
    m_JitterScale: 1
    m_MipBias: 0
    m_VarianceClampScale: 0.9
    m_ContrastAdaptiveSharpening: 0
--- !u!81 &1396847027
AudioListener:
  m_ObjectHideFlags: 0
  m_CorrespondingSourceObject: {fileID: 0}
  m_PrefabInstance: {fileID: 0}
  m_PrefabAsset: {fileID: 0}
  m_GameObject: {fileID: 1396847025}
  m_Enabled: 1
--- !u!20 &1396847028
Camera:
  m_ObjectHideFlags: 0
  m_CorrespondingSourceObject: {fileID: 0}
  m_PrefabInstance: {fileID: 0}
  m_PrefabAsset: {fileID: 0}
  m_GameObject: {fileID: 1396847025}
  m_Enabled: 1
  serializedVersion: 2
  m_ClearFlags: 2
  m_BackGroundColor: {r: 0.3333333, g: 0.3333333, b: 0.3333333, a: 1}
  m_projectionMatrixMode: 1
  m_GateFitMode: 2
  m_FOVAxisMode: 0
  m_Iso: 200
  m_ShutterSpeed: 0.005
  m_Aperture: 16
  m_FocusDistance: 10
  m_FocalLength: 50
  m_BladeCount: 5
  m_Curvature: {x: 2, y: 11}
  m_BarrelClipping: 0.25
  m_Anamorphism: 0
  m_SensorSize: {x: 36, y: 24}
  m_LensShift: {x: 0, y: 0}
  m_NormalizedViewPortRect:
    serializedVersion: 2
    x: 0
    y: 0
    width: 1
    height: 1
  near clip plane: 0.3
  far clip plane: 1000
  field of view: 60
  orthographic: 0
  orthographic size: 5
  m_Depth: 0
  m_CullingMask:
    serializedVersion: 2
    m_Bits: 4294967295
  m_RenderingPath: -1
  m_TargetTexture: {fileID: 0}
  m_TargetDisplay: 0
  m_TargetEye: 3
  m_HDR: 1
  m_AllowMSAA: 1
  m_AllowDynamicResolution: 0
  m_ForceIntoRT: 0
  m_OcclusionCulling: 1
  m_StereoConvergence: 10
  m_StereoSeparation: 0.022
--- !u!4 &1396847029
Transform:
  m_ObjectHideFlags: 0
  m_CorrespondingSourceObject: {fileID: 0}
  m_PrefabInstance: {fileID: 0}
  m_PrefabAsset: {fileID: 0}
  m_GameObject: {fileID: 1396847025}
  serializedVersion: 2
  m_LocalRotation: {x: -0.00000003352761, y: 0.000000029802319, z: -0.0000000074505797,
    w: 1}
  m_LocalPosition: {x: 0.53262717, y: 0.70374733, z: -1.8801467}
  m_LocalScale: {x: 1, y: 1, z: 1}
  m_ConstrainProportionsScale: 0
  m_Children: []
  m_Father: {fileID: 0}
  m_LocalEulerAnglesHint: {x: 0, y: 0, z: 0}
--- !u!1001 &3079439732393421703
PrefabInstance:
  m_ObjectHideFlags: 0
  serializedVersion: 2
  m_Modification:
    serializedVersion: 3
    m_TransformParent: {fileID: 0}
    m_Modifications:
    - target: {fileID: 672593187858718527, guid: 12bae962de1ab0147881cb34135c66cb,
        type: 3}
      propertyPath: m_Name
      value: LowerThird
      objectReference: {fileID: 0}
    - target: {fileID: 1202010962866156443, guid: 12bae962de1ab0147881cb34135c66cb,
        type: 3}
      propertyPath: m_LocalPosition.x
      value: -0.995
      objectReference: {fileID: 0}
    - target: {fileID: 1202010962866156443, guid: 12bae962de1ab0147881cb34135c66cb,
        type: 3}
      propertyPath: m_LocalPosition.y
      value: 0
      objectReference: {fileID: 0}
    - target: {fileID: 1202010962866156443, guid: 12bae962de1ab0147881cb34135c66cb,
        type: 3}
      propertyPath: m_LocalPosition.z
      value: 0
      objectReference: {fileID: 0}
    - target: {fileID: 1202010962866156443, guid: 12bae962de1ab0147881cb34135c66cb,
        type: 3}
      propertyPath: m_LocalRotation.w
      value: 1
      objectReference: {fileID: 0}
    - target: {fileID: 1202010962866156443, guid: 12bae962de1ab0147881cb34135c66cb,
        type: 3}
      propertyPath: m_LocalRotation.x
      value: 0
      objectReference: {fileID: 0}
    - target: {fileID: 1202010962866156443, guid: 12bae962de1ab0147881cb34135c66cb,
        type: 3}
      propertyPath: m_LocalRotation.y
      value: 0
      objectReference: {fileID: 0}
    - target: {fileID: 1202010962866156443, guid: 12bae962de1ab0147881cb34135c66cb,
        type: 3}
      propertyPath: m_LocalRotation.z
      value: 0
      objectReference: {fileID: 0}
    - target: {fileID: 1202010962866156443, guid: 12bae962de1ab0147881cb34135c66cb,
        type: 3}
      propertyPath: m_LocalEulerAnglesHint.x
      value: 0
      objectReference: {fileID: 0}
    - target: {fileID: 1202010962866156443, guid: 12bae962de1ab0147881cb34135c66cb,
        type: 3}
      propertyPath: m_LocalEulerAnglesHint.y
      value: 0
      objectReference: {fileID: 0}
    - target: {fileID: 1202010962866156443, guid: 12bae962de1ab0147881cb34135c66cb,
        type: 3}
      propertyPath: m_LocalEulerAnglesHint.z
      value: 0
      objectReference: {fileID: 0}
    - target: {fileID: 1368138163506330360, guid: 12bae962de1ab0147881cb34135c66cb,
        type: 3}
      propertyPath: m_SizeDelta.x
      value: 0
      objectReference: {fileID: 0}
    - target: {fileID: 1368138163506330360, guid: 12bae962de1ab0147881cb34135c66cb,
        type: 3}
      propertyPath: m_SizeDelta.y
      value: 0
      objectReference: {fileID: 0}
    - target: {fileID: 4303160619851103341, guid: 12bae962de1ab0147881cb34135c66cb,
        type: 3}
      propertyPath: m_AnchorMax.y
      value: 0
      objectReference: {fileID: 0}
    - target: {fileID: 4303160619851103341, guid: 12bae962de1ab0147881cb34135c66cb,
        type: 3}
      propertyPath: m_AnchorMin.y
      value: 0
      objectReference: {fileID: 0}
    - target: {fileID: 4303160619851103341, guid: 12bae962de1ab0147881cb34135c66cb,
        type: 3}
      propertyPath: m_SizeDelta.x
      value: 0
      objectReference: {fileID: 0}
    - target: {fileID: 4303160619851103341, guid: 12bae962de1ab0147881cb34135c66cb,
        type: 3}
      propertyPath: m_SizeDelta.y
      value: 0
      objectReference: {fileID: 0}
    - target: {fileID: 4303160619851103341, guid: 12bae962de1ab0147881cb34135c66cb,
        type: 3}
      propertyPath: m_LocalPosition.x
      value: 0
      objectReference: {fileID: 0}
    - target: {fileID: 4303160619851103341, guid: 12bae962de1ab0147881cb34135c66cb,
        type: 3}
      propertyPath: m_LocalPosition.y
      value: 0
      objectReference: {fileID: 0}
    - target: {fileID: 4303160619851103341, guid: 12bae962de1ab0147881cb34135c66cb,
        type: 3}
      propertyPath: m_AnchoredPosition.x
      value: 0
      objectReference: {fileID: 0}
    - target: {fileID: 4303160619851103341, guid: 12bae962de1ab0147881cb34135c66cb,
        type: 3}
      propertyPath: m_AnchoredPosition.y
      value: 0
      objectReference: {fileID: 0}
    - target: {fileID: 4569025720568716589, guid: 12bae962de1ab0147881cb34135c66cb,
        type: 3}
      propertyPath: m_AnchorMax.y
      value: 0
      objectReference: {fileID: 0}
    - target: {fileID: 4569025720568716589, guid: 12bae962de1ab0147881cb34135c66cb,
        type: 3}
      propertyPath: m_AnchorMin.y
      value: 0
      objectReference: {fileID: 0}
    - target: {fileID: 4569025720568716589, guid: 12bae962de1ab0147881cb34135c66cb,
        type: 3}
      propertyPath: m_SizeDelta.x
      value: 0
      objectReference: {fileID: 0}
    - target: {fileID: 4569025720568716589, guid: 12bae962de1ab0147881cb34135c66cb,
        type: 3}
      propertyPath: m_SizeDelta.y
      value: 0
      objectReference: {fileID: 0}
    - target: {fileID: 4569025720568716589, guid: 12bae962de1ab0147881cb34135c66cb,
        type: 3}
      propertyPath: m_LocalPosition.x
      value: 0
      objectReference: {fileID: 0}
    - target: {fileID: 4569025720568716589, guid: 12bae962de1ab0147881cb34135c66cb,
        type: 3}
      propertyPath: m_LocalPosition.y
      value: 0
      objectReference: {fileID: 0}
    - target: {fileID: 4569025720568716589, guid: 12bae962de1ab0147881cb34135c66cb,
        type: 3}
      propertyPath: m_AnchoredPosition.x
      value: 0
      objectReference: {fileID: 0}
    - target: {fileID: 4569025720568716589, guid: 12bae962de1ab0147881cb34135c66cb,
        type: 3}
      propertyPath: m_AnchoredPosition.y
      value: 0
      objectReference: {fileID: 0}
    - target: {fileID: 7828948460171619150, guid: 12bae962de1ab0147881cb34135c66cb,
        type: 3}
      propertyPath: m_AnchorMax.y
      value: 0
      objectReference: {fileID: 0}
    - target: {fileID: 7828948460171619150, guid: 12bae962de1ab0147881cb34135c66cb,
        type: 3}
      propertyPath: m_AnchorMin.y
      value: 0
      objectReference: {fileID: 0}
    - target: {fileID: 7828948460171619150, guid: 12bae962de1ab0147881cb34135c66cb,
        type: 3}
      propertyPath: m_SizeDelta.x
      value: 0
      objectReference: {fileID: 0}
    - target: {fileID: 7828948460171619150, guid: 12bae962de1ab0147881cb34135c66cb,
        type: 3}
      propertyPath: m_SizeDelta.y
      value: 0
      objectReference: {fileID: 0}
    - target: {fileID: 7828948460171619150, guid: 12bae962de1ab0147881cb34135c66cb,
        type: 3}
      propertyPath: m_LocalPosition.x
      value: 0
      objectReference: {fileID: 0}
    - target: {fileID: 7828948460171619150, guid: 12bae962de1ab0147881cb34135c66cb,
        type: 3}
      propertyPath: m_LocalPosition.y
      value: 0
      objectReference: {fileID: 0}
    - target: {fileID: 7828948460171619150, guid: 12bae962de1ab0147881cb34135c66cb,
        type: 3}
      propertyPath: m_AnchoredPosition.x
      value: 0
      objectReference: {fileID: 0}
    - target: {fileID: 7828948460171619150, guid: 12bae962de1ab0147881cb34135c66cb,
        type: 3}
      propertyPath: m_AnchoredPosition.y
      value: 0
      objectReference: {fileID: 0}
    m_RemovedComponents: []
    m_RemovedGameObjects: []
    m_AddedGameObjects: []
    m_AddedComponents: []
  m_SourcePrefab: {fileID: 100100000, guid: 12bae962de1ab0147881cb34135c66cb, type: 3}
--- !u!1001 &3593646571012688380
PrefabInstance:
  m_ObjectHideFlags: 0
  serializedVersion: 2
  m_Modification:
    serializedVersion: 3
    m_TransformParent: {fileID: 0}
    m_Modifications:
    - target: {fileID: 69772899448626109, guid: e4761b76ee951bf4ca172a286e1379e2,
        type: 3}
      propertyPath: m_AnchorMax.y
      value: 0
      objectReference: {fileID: 0}
    - target: {fileID: 69772899448626109, guid: e4761b76ee951bf4ca172a286e1379e2,
        type: 3}
      propertyPath: m_AnchorMin.y
      value: 0
      objectReference: {fileID: 0}
    - target: {fileID: 69772899448626109, guid: e4761b76ee951bf4ca172a286e1379e2,
        type: 3}
      propertyPath: m_SizeDelta.x
      value: 0
      objectReference: {fileID: 0}
    - target: {fileID: 69772899448626109, guid: e4761b76ee951bf4ca172a286e1379e2,
        type: 3}
      propertyPath: m_SizeDelta.y
      value: 0
      objectReference: {fileID: 0}
    - target: {fileID: 69772899448626109, guid: e4761b76ee951bf4ca172a286e1379e2,
        type: 3}
      propertyPath: m_AnchoredPosition.x
      value: 0
      objectReference: {fileID: 0}
    - target: {fileID: 69772899448626109, guid: e4761b76ee951bf4ca172a286e1379e2,
        type: 3}
      propertyPath: m_AnchoredPosition.y
      value: 0
      objectReference: {fileID: 0}
    - target: {fileID: 292630028285376940, guid: e4761b76ee951bf4ca172a286e1379e2,
        type: 3}
      propertyPath: m_AnchorMax.y
      value: 0
      objectReference: {fileID: 0}
    - target: {fileID: 292630028285376940, guid: e4761b76ee951bf4ca172a286e1379e2,
        type: 3}
      propertyPath: m_AnchorMin.y
      value: 0
      objectReference: {fileID: 0}
    - target: {fileID: 292630028285376940, guid: e4761b76ee951bf4ca172a286e1379e2,
        type: 3}
      propertyPath: m_SizeDelta.x
      value: 0
      objectReference: {fileID: 0}
    - target: {fileID: 292630028285376940, guid: e4761b76ee951bf4ca172a286e1379e2,
        type: 3}
      propertyPath: m_SizeDelta.y
      value: 0
      objectReference: {fileID: 0}
    - target: {fileID: 292630028285376940, guid: e4761b76ee951bf4ca172a286e1379e2,
        type: 3}
      propertyPath: m_AnchoredPosition.x
      value: 0
      objectReference: {fileID: 0}
    - target: {fileID: 292630028285376940, guid: e4761b76ee951bf4ca172a286e1379e2,
        type: 3}
      propertyPath: m_AnchoredPosition.y
      value: 0
      objectReference: {fileID: 0}
    - target: {fileID: 299970376189060317, guid: e4761b76ee951bf4ca172a286e1379e2,
        type: 3}
      propertyPath: m_AnchorMax.y
      value: 0
      objectReference: {fileID: 0}
    - target: {fileID: 299970376189060317, guid: e4761b76ee951bf4ca172a286e1379e2,
        type: 3}
      propertyPath: m_AnchorMin.y
      value: 0
      objectReference: {fileID: 0}
    - target: {fileID: 299970376189060317, guid: e4761b76ee951bf4ca172a286e1379e2,
        type: 3}
      propertyPath: m_SizeDelta.x
      value: 0
      objectReference: {fileID: 0}
    - target: {fileID: 299970376189060317, guid: e4761b76ee951bf4ca172a286e1379e2,
        type: 3}
      propertyPath: m_SizeDelta.y
      value: 0
      objectReference: {fileID: 0}
    - target: {fileID: 299970376189060317, guid: e4761b76ee951bf4ca172a286e1379e2,
        type: 3}
      propertyPath: m_AnchoredPosition.x
      value: 0
      objectReference: {fileID: 0}
    - target: {fileID: 299970376189060317, guid: e4761b76ee951bf4ca172a286e1379e2,
        type: 3}
      propertyPath: m_AnchoredPosition.y
      value: 0
      objectReference: {fileID: 0}
    - target: {fileID: 439416802174725398, guid: e4761b76ee951bf4ca172a286e1379e2,
        type: 3}
      propertyPath: m_AnchorMax.y
      value: 0
      objectReference: {fileID: 0}
    - target: {fileID: 439416802174725398, guid: e4761b76ee951bf4ca172a286e1379e2,
        type: 3}
      propertyPath: m_AnchorMin.y
      value: 0
      objectReference: {fileID: 0}
    - target: {fileID: 439416802174725398, guid: e4761b76ee951bf4ca172a286e1379e2,
        type: 3}
      propertyPath: m_SizeDelta.x
      value: 0
      objectReference: {fileID: 0}
    - target: {fileID: 439416802174725398, guid: e4761b76ee951bf4ca172a286e1379e2,
        type: 3}
      propertyPath: m_SizeDelta.y
      value: 0
      objectReference: {fileID: 0}
    - target: {fileID: 439416802174725398, guid: e4761b76ee951bf4ca172a286e1379e2,
        type: 3}
      propertyPath: m_AnchoredPosition.x
      value: 0
      objectReference: {fileID: 0}
    - target: {fileID: 439416802174725398, guid: e4761b76ee951bf4ca172a286e1379e2,
        type: 3}
      propertyPath: m_AnchoredPosition.y
      value: 0
      objectReference: {fileID: 0}
    - target: {fileID: 631447108533999258, guid: e4761b76ee951bf4ca172a286e1379e2,
        type: 3}
      propertyPath: m_AnchorMax.y
      value: 0
      objectReference: {fileID: 0}
    - target: {fileID: 631447108533999258, guid: e4761b76ee951bf4ca172a286e1379e2,
        type: 3}
      propertyPath: m_AnchorMin.y
      value: 0
      objectReference: {fileID: 0}
    - target: {fileID: 631447108533999258, guid: e4761b76ee951bf4ca172a286e1379e2,
        type: 3}
      propertyPath: m_SizeDelta.x
      value: 0
      objectReference: {fileID: 0}
    - target: {fileID: 631447108533999258, guid: e4761b76ee951bf4ca172a286e1379e2,
        type: 3}
      propertyPath: m_SizeDelta.y
      value: 0
      objectReference: {fileID: 0}
    - target: {fileID: 631447108533999258, guid: e4761b76ee951bf4ca172a286e1379e2,
        type: 3}
      propertyPath: m_AnchoredPosition.x
      value: 0
      objectReference: {fileID: 0}
    - target: {fileID: 631447108533999258, guid: e4761b76ee951bf4ca172a286e1379e2,
        type: 3}
      propertyPath: m_AnchoredPosition.y
      value: 0
      objectReference: {fileID: 0}
    - target: {fileID: 655185934754462323, guid: e4761b76ee951bf4ca172a286e1379e2,
        type: 3}
      propertyPath: m_AnchorMax.y
      value: 0
      objectReference: {fileID: 0}
    - target: {fileID: 655185934754462323, guid: e4761b76ee951bf4ca172a286e1379e2,
        type: 3}
      propertyPath: m_AnchorMin.y
      value: 0
      objectReference: {fileID: 0}
    - target: {fileID: 655185934754462323, guid: e4761b76ee951bf4ca172a286e1379e2,
        type: 3}
      propertyPath: m_SizeDelta.x
      value: 0
      objectReference: {fileID: 0}
    - target: {fileID: 655185934754462323, guid: e4761b76ee951bf4ca172a286e1379e2,
        type: 3}
      propertyPath: m_SizeDelta.y
      value: 0
      objectReference: {fileID: 0}
    - target: {fileID: 655185934754462323, guid: e4761b76ee951bf4ca172a286e1379e2,
        type: 3}
      propertyPath: m_AnchoredPosition.x
      value: 0
      objectReference: {fileID: 0}
    - target: {fileID: 655185934754462323, guid: e4761b76ee951bf4ca172a286e1379e2,
        type: 3}
      propertyPath: m_AnchoredPosition.y
      value: 0
      objectReference: {fileID: 0}
    - target: {fileID: 793455541175145976, guid: e4761b76ee951bf4ca172a286e1379e2,
        type: 3}
      propertyPath: m_AnchorMax.y
      value: 0
      objectReference: {fileID: 0}
    - target: {fileID: 793455541175145976, guid: e4761b76ee951bf4ca172a286e1379e2,
        type: 3}
      propertyPath: m_AnchorMin.y
      value: 0
      objectReference: {fileID: 0}
    - target: {fileID: 793455541175145976, guid: e4761b76ee951bf4ca172a286e1379e2,
        type: 3}
      propertyPath: m_SizeDelta.x
      value: 0
      objectReference: {fileID: 0}
    - target: {fileID: 793455541175145976, guid: e4761b76ee951bf4ca172a286e1379e2,
        type: 3}
      propertyPath: m_SizeDelta.y
      value: 0
      objectReference: {fileID: 0}
    - target: {fileID: 793455541175145976, guid: e4761b76ee951bf4ca172a286e1379e2,
        type: 3}
      propertyPath: m_AnchoredPosition.x
      value: 0
      objectReference: {fileID: 0}
    - target: {fileID: 793455541175145976, guid: e4761b76ee951bf4ca172a286e1379e2,
        type: 3}
      propertyPath: m_AnchoredPosition.y
      value: 0
      objectReference: {fileID: 0}
    - target: {fileID: 897295251783167773, guid: e4761b76ee951bf4ca172a286e1379e2,
        type: 3}
      propertyPath: m_AnchorMax.y
      value: 0
      objectReference: {fileID: 0}
    - target: {fileID: 897295251783167773, guid: e4761b76ee951bf4ca172a286e1379e2,
        type: 3}
      propertyPath: m_AnchorMin.y
      value: 0
      objectReference: {fileID: 0}
    - target: {fileID: 897295251783167773, guid: e4761b76ee951bf4ca172a286e1379e2,
        type: 3}
      propertyPath: m_SizeDelta.x
      value: 0
      objectReference: {fileID: 0}
    - target: {fileID: 897295251783167773, guid: e4761b76ee951bf4ca172a286e1379e2,
        type: 3}
      propertyPath: m_SizeDelta.y
      value: 0
      objectReference: {fileID: 0}
    - target: {fileID: 897295251783167773, guid: e4761b76ee951bf4ca172a286e1379e2,
        type: 3}
      propertyPath: m_AnchoredPosition.x
      value: 0
      objectReference: {fileID: 0}
    - target: {fileID: 897295251783167773, guid: e4761b76ee951bf4ca172a286e1379e2,
        type: 3}
      propertyPath: m_AnchoredPosition.y
      value: 0
      objectReference: {fileID: 0}
    - target: {fileID: 1233616048288055080, guid: e4761b76ee951bf4ca172a286e1379e2,
        type: 3}
      propertyPath: m_AnchorMax.y
      value: 0
      objectReference: {fileID: 0}
    - target: {fileID: 1233616048288055080, guid: e4761b76ee951bf4ca172a286e1379e2,
        type: 3}
      propertyPath: m_AnchorMin.y
      value: 0
      objectReference: {fileID: 0}
    - target: {fileID: 1233616048288055080, guid: e4761b76ee951bf4ca172a286e1379e2,
        type: 3}
      propertyPath: m_SizeDelta.x
      value: 0
      objectReference: {fileID: 0}
    - target: {fileID: 1233616048288055080, guid: e4761b76ee951bf4ca172a286e1379e2,
        type: 3}
      propertyPath: m_SizeDelta.y
      value: 0
      objectReference: {fileID: 0}
    - target: {fileID: 1233616048288055080, guid: e4761b76ee951bf4ca172a286e1379e2,
        type: 3}
      propertyPath: m_AnchoredPosition.x
      value: 0
      objectReference: {fileID: 0}
    - target: {fileID: 1233616048288055080, guid: e4761b76ee951bf4ca172a286e1379e2,
        type: 3}
      propertyPath: m_AnchoredPosition.y
      value: 0
      objectReference: {fileID: 0}
    - target: {fileID: 1355855185121878561, guid: e4761b76ee951bf4ca172a286e1379e2,
        type: 3}
      propertyPath: m_AnchorMax.y
      value: 0
      objectReference: {fileID: 0}
    - target: {fileID: 1355855185121878561, guid: e4761b76ee951bf4ca172a286e1379e2,
        type: 3}
      propertyPath: m_AnchorMin.y
      value: 0
      objectReference: {fileID: 0}
    - target: {fileID: 1355855185121878561, guid: e4761b76ee951bf4ca172a286e1379e2,
        type: 3}
      propertyPath: m_SizeDelta.x
      value: 0
      objectReference: {fileID: 0}
    - target: {fileID: 1355855185121878561, guid: e4761b76ee951bf4ca172a286e1379e2,
        type: 3}
      propertyPath: m_SizeDelta.y
      value: 0
      objectReference: {fileID: 0}
    - target: {fileID: 1355855185121878561, guid: e4761b76ee951bf4ca172a286e1379e2,
        type: 3}
      propertyPath: m_AnchoredPosition.x
      value: 0
      objectReference: {fileID: 0}
    - target: {fileID: 1355855185121878561, guid: e4761b76ee951bf4ca172a286e1379e2,
        type: 3}
      propertyPath: m_AnchoredPosition.y
      value: 0
      objectReference: {fileID: 0}
    - target: {fileID: 1376706230459555514, guid: e4761b76ee951bf4ca172a286e1379e2,
        type: 3}
      propertyPath: m_AnchorMax.y
      value: 0
      objectReference: {fileID: 0}
    - target: {fileID: 1376706230459555514, guid: e4761b76ee951bf4ca172a286e1379e2,
        type: 3}
      propertyPath: m_AnchorMin.y
      value: 0
      objectReference: {fileID: 0}
    - target: {fileID: 1376706230459555514, guid: e4761b76ee951bf4ca172a286e1379e2,
        type: 3}
      propertyPath: m_SizeDelta.x
      value: 0
      objectReference: {fileID: 0}
    - target: {fileID: 1376706230459555514, guid: e4761b76ee951bf4ca172a286e1379e2,
        type: 3}
      propertyPath: m_SizeDelta.y
      value: 0
      objectReference: {fileID: 0}
    - target: {fileID: 1376706230459555514, guid: e4761b76ee951bf4ca172a286e1379e2,
        type: 3}
      propertyPath: m_AnchoredPosition.x
      value: 0
      objectReference: {fileID: 0}
    - target: {fileID: 1376706230459555514, guid: e4761b76ee951bf4ca172a286e1379e2,
        type: 3}
      propertyPath: m_AnchoredPosition.y
      value: 0
      objectReference: {fileID: 0}
    - target: {fileID: 1469201058958239801, guid: e4761b76ee951bf4ca172a286e1379e2,
        type: 3}
      propertyPath: m_AnchorMax.y
      value: 0
      objectReference: {fileID: 0}
    - target: {fileID: 1469201058958239801, guid: e4761b76ee951bf4ca172a286e1379e2,
        type: 3}
      propertyPath: m_AnchorMin.y
      value: 0
      objectReference: {fileID: 0}
    - target: {fileID: 1469201058958239801, guid: e4761b76ee951bf4ca172a286e1379e2,
        type: 3}
      propertyPath: m_SizeDelta.x
      value: 0
      objectReference: {fileID: 0}
    - target: {fileID: 1469201058958239801, guid: e4761b76ee951bf4ca172a286e1379e2,
        type: 3}
      propertyPath: m_SizeDelta.y
      value: 0
      objectReference: {fileID: 0}
    - target: {fileID: 1469201058958239801, guid: e4761b76ee951bf4ca172a286e1379e2,
        type: 3}
      propertyPath: m_AnchoredPosition.x
      value: 0
      objectReference: {fileID: 0}
    - target: {fileID: 1469201058958239801, guid: e4761b76ee951bf4ca172a286e1379e2,
        type: 3}
      propertyPath: m_AnchoredPosition.y
      value: 0
      objectReference: {fileID: 0}
    - target: {fileID: 1536126837470118954, guid: e4761b76ee951bf4ca172a286e1379e2,
        type: 3}
      propertyPath: m_AnchorMax.y
      value: 0
      objectReference: {fileID: 0}
    - target: {fileID: 1536126837470118954, guid: e4761b76ee951bf4ca172a286e1379e2,
        type: 3}
      propertyPath: m_AnchorMin.y
      value: 0
      objectReference: {fileID: 0}
    - target: {fileID: 1536126837470118954, guid: e4761b76ee951bf4ca172a286e1379e2,
        type: 3}
      propertyPath: m_SizeDelta.x
      value: 0
      objectReference: {fileID: 0}
    - target: {fileID: 1536126837470118954, guid: e4761b76ee951bf4ca172a286e1379e2,
        type: 3}
      propertyPath: m_SizeDelta.y
      value: 0
      objectReference: {fileID: 0}
    - target: {fileID: 1536126837470118954, guid: e4761b76ee951bf4ca172a286e1379e2,
        type: 3}
      propertyPath: m_AnchoredPosition.x
      value: 0
      objectReference: {fileID: 0}
    - target: {fileID: 1536126837470118954, guid: e4761b76ee951bf4ca172a286e1379e2,
        type: 3}
      propertyPath: m_AnchoredPosition.y
      value: 0
      objectReference: {fileID: 0}
    - target: {fileID: 1750064549467850741, guid: e4761b76ee951bf4ca172a286e1379e2,
        type: 3}
      propertyPath: m_AnchorMax.y
      value: 0
      objectReference: {fileID: 0}
    - target: {fileID: 1750064549467850741, guid: e4761b76ee951bf4ca172a286e1379e2,
        type: 3}
      propertyPath: m_AnchorMin.y
      value: 0
      objectReference: {fileID: 0}
    - target: {fileID: 1750064549467850741, guid: e4761b76ee951bf4ca172a286e1379e2,
        type: 3}
      propertyPath: m_SizeDelta.x
      value: 0
      objectReference: {fileID: 0}
    - target: {fileID: 1750064549467850741, guid: e4761b76ee951bf4ca172a286e1379e2,
        type: 3}
      propertyPath: m_SizeDelta.y
      value: 0
      objectReference: {fileID: 0}
    - target: {fileID: 1750064549467850741, guid: e4761b76ee951bf4ca172a286e1379e2,
        type: 3}
      propertyPath: m_AnchoredPosition.x
      value: 0
      objectReference: {fileID: 0}
    - target: {fileID: 1750064549467850741, guid: e4761b76ee951bf4ca172a286e1379e2,
        type: 3}
      propertyPath: m_AnchoredPosition.y
      value: 0
      objectReference: {fileID: 0}
    - target: {fileID: 1899430327715719294, guid: e4761b76ee951bf4ca172a286e1379e2,
        type: 3}
      propertyPath: m_AnchorMax.y
      value: 0
      objectReference: {fileID: 0}
    - target: {fileID: 1899430327715719294, guid: e4761b76ee951bf4ca172a286e1379e2,
        type: 3}
      propertyPath: m_AnchorMin.y
      value: 0
      objectReference: {fileID: 0}
    - target: {fileID: 1899430327715719294, guid: e4761b76ee951bf4ca172a286e1379e2,
        type: 3}
      propertyPath: m_SizeDelta.x
      value: 0
      objectReference: {fileID: 0}
    - target: {fileID: 1899430327715719294, guid: e4761b76ee951bf4ca172a286e1379e2,
        type: 3}
      propertyPath: m_SizeDelta.y
      value: 0
      objectReference: {fileID: 0}
    - target: {fileID: 1899430327715719294, guid: e4761b76ee951bf4ca172a286e1379e2,
        type: 3}
      propertyPath: m_AnchoredPosition.x
      value: 0
      objectReference: {fileID: 0}
    - target: {fileID: 1899430327715719294, guid: e4761b76ee951bf4ca172a286e1379e2,
        type: 3}
      propertyPath: m_AnchoredPosition.y
      value: 0
      objectReference: {fileID: 0}
    - target: {fileID: 1912540640356422934, guid: e4761b76ee951bf4ca172a286e1379e2,
        type: 3}
      propertyPath: m_AnchorMax.y
      value: 0
      objectReference: {fileID: 0}
    - target: {fileID: 1912540640356422934, guid: e4761b76ee951bf4ca172a286e1379e2,
        type: 3}
      propertyPath: m_AnchorMin.y
      value: 0
      objectReference: {fileID: 0}
    - target: {fileID: 1912540640356422934, guid: e4761b76ee951bf4ca172a286e1379e2,
        type: 3}
      propertyPath: m_SizeDelta.x
      value: 0
      objectReference: {fileID: 0}
    - target: {fileID: 1912540640356422934, guid: e4761b76ee951bf4ca172a286e1379e2,
        type: 3}
      propertyPath: m_SizeDelta.y
      value: 0
      objectReference: {fileID: 0}
    - target: {fileID: 1912540640356422934, guid: e4761b76ee951bf4ca172a286e1379e2,
        type: 3}
      propertyPath: m_AnchoredPosition.x
      value: 0
      objectReference: {fileID: 0}
    - target: {fileID: 1912540640356422934, guid: e4761b76ee951bf4ca172a286e1379e2,
        type: 3}
      propertyPath: m_AnchoredPosition.y
      value: 0
      objectReference: {fileID: 0}
    - target: {fileID: 2014701510582992388, guid: e4761b76ee951bf4ca172a286e1379e2,
        type: 3}
      propertyPath: m_AnchorMax.y
      value: 0
      objectReference: {fileID: 0}
    - target: {fileID: 2014701510582992388, guid: e4761b76ee951bf4ca172a286e1379e2,
        type: 3}
      propertyPath: m_AnchorMin.y
      value: 0
      objectReference: {fileID: 0}
    - target: {fileID: 2014701510582992388, guid: e4761b76ee951bf4ca172a286e1379e2,
        type: 3}
      propertyPath: m_SizeDelta.x
      value: 0
      objectReference: {fileID: 0}
    - target: {fileID: 2014701510582992388, guid: e4761b76ee951bf4ca172a286e1379e2,
        type: 3}
      propertyPath: m_SizeDelta.y
      value: 0
      objectReference: {fileID: 0}
    - target: {fileID: 2014701510582992388, guid: e4761b76ee951bf4ca172a286e1379e2,
        type: 3}
      propertyPath: m_AnchoredPosition.x
      value: 0
      objectReference: {fileID: 0}
    - target: {fileID: 2014701510582992388, guid: e4761b76ee951bf4ca172a286e1379e2,
        type: 3}
      propertyPath: m_AnchoredPosition.y
      value: 0
      objectReference: {fileID: 0}
    - target: {fileID: 2045840127612330941, guid: e4761b76ee951bf4ca172a286e1379e2,
        type: 3}
      propertyPath: m_AnchorMax.y
      value: 0
      objectReference: {fileID: 0}
    - target: {fileID: 2045840127612330941, guid: e4761b76ee951bf4ca172a286e1379e2,
        type: 3}
      propertyPath: m_AnchorMin.y
      value: 0
      objectReference: {fileID: 0}
    - target: {fileID: 2045840127612330941, guid: e4761b76ee951bf4ca172a286e1379e2,
        type: 3}
      propertyPath: m_SizeDelta.x
      value: 0
      objectReference: {fileID: 0}
    - target: {fileID: 2045840127612330941, guid: e4761b76ee951bf4ca172a286e1379e2,
        type: 3}
      propertyPath: m_SizeDelta.y
      value: 0
      objectReference: {fileID: 0}
    - target: {fileID: 2045840127612330941, guid: e4761b76ee951bf4ca172a286e1379e2,
        type: 3}
      propertyPath: m_AnchoredPosition.x
      value: 0
      objectReference: {fileID: 0}
    - target: {fileID: 2045840127612330941, guid: e4761b76ee951bf4ca172a286e1379e2,
        type: 3}
      propertyPath: m_AnchoredPosition.y
      value: 0
      objectReference: {fileID: 0}
    - target: {fileID: 2102370731529081499, guid: e4761b76ee951bf4ca172a286e1379e2,
        type: 3}
      propertyPath: m_AnchorMax.y
      value: 0
      objectReference: {fileID: 0}
    - target: {fileID: 2102370731529081499, guid: e4761b76ee951bf4ca172a286e1379e2,
        type: 3}
      propertyPath: m_AnchorMin.y
      value: 0
      objectReference: {fileID: 0}
    - target: {fileID: 2102370731529081499, guid: e4761b76ee951bf4ca172a286e1379e2,
        type: 3}
      propertyPath: m_SizeDelta.x
      value: 0
      objectReference: {fileID: 0}
    - target: {fileID: 2102370731529081499, guid: e4761b76ee951bf4ca172a286e1379e2,
        type: 3}
      propertyPath: m_SizeDelta.y
      value: 0
      objectReference: {fileID: 0}
    - target: {fileID: 2102370731529081499, guid: e4761b76ee951bf4ca172a286e1379e2,
        type: 3}
      propertyPath: m_AnchoredPosition.x
      value: 0
      objectReference: {fileID: 0}
    - target: {fileID: 2102370731529081499, guid: e4761b76ee951bf4ca172a286e1379e2,
        type: 3}
      propertyPath: m_AnchoredPosition.y
      value: 0
      objectReference: {fileID: 0}
    - target: {fileID: 2259750901014443890, guid: e4761b76ee951bf4ca172a286e1379e2,
        type: 3}
      propertyPath: m_AnchorMax.y
      value: 0
      objectReference: {fileID: 0}
    - target: {fileID: 2259750901014443890, guid: e4761b76ee951bf4ca172a286e1379e2,
        type: 3}
      propertyPath: m_AnchorMin.y
      value: 0
      objectReference: {fileID: 0}
    - target: {fileID: 2259750901014443890, guid: e4761b76ee951bf4ca172a286e1379e2,
        type: 3}
      propertyPath: m_SizeDelta.x
      value: 0
      objectReference: {fileID: 0}
    - target: {fileID: 2259750901014443890, guid: e4761b76ee951bf4ca172a286e1379e2,
        type: 3}
      propertyPath: m_SizeDelta.y
      value: 0
      objectReference: {fileID: 0}
    - target: {fileID: 2259750901014443890, guid: e4761b76ee951bf4ca172a286e1379e2,
        type: 3}
      propertyPath: m_AnchoredPosition.x
      value: 0
      objectReference: {fileID: 0}
    - target: {fileID: 2259750901014443890, guid: e4761b76ee951bf4ca172a286e1379e2,
        type: 3}
      propertyPath: m_AnchoredPosition.y
      value: 0
      objectReference: {fileID: 0}
    - target: {fileID: 2384786330351534811, guid: e4761b76ee951bf4ca172a286e1379e2,
        type: 3}
      propertyPath: m_AnchorMax.y
      value: 0
      objectReference: {fileID: 0}
    - target: {fileID: 2384786330351534811, guid: e4761b76ee951bf4ca172a286e1379e2,
        type: 3}
      propertyPath: m_AnchorMin.y
      value: 0
      objectReference: {fileID: 0}
    - target: {fileID: 2384786330351534811, guid: e4761b76ee951bf4ca172a286e1379e2,
        type: 3}
      propertyPath: m_SizeDelta.x
      value: 0
      objectReference: {fileID: 0}
    - target: {fileID: 2384786330351534811, guid: e4761b76ee951bf4ca172a286e1379e2,
        type: 3}
      propertyPath: m_SizeDelta.y
      value: 0
      objectReference: {fileID: 0}
    - target: {fileID: 2384786330351534811, guid: e4761b76ee951bf4ca172a286e1379e2,
        type: 3}
      propertyPath: m_AnchoredPosition.x
      value: 0
      objectReference: {fileID: 0}
    - target: {fileID: 2384786330351534811, guid: e4761b76ee951bf4ca172a286e1379e2,
        type: 3}
      propertyPath: m_AnchoredPosition.y
      value: 0
      objectReference: {fileID: 0}
    - target: {fileID: 2461832838421066329, guid: e4761b76ee951bf4ca172a286e1379e2,
        type: 3}
      propertyPath: m_AnchorMax.y
      value: 0
      objectReference: {fileID: 0}
    - target: {fileID: 2461832838421066329, guid: e4761b76ee951bf4ca172a286e1379e2,
        type: 3}
      propertyPath: m_AnchorMin.y
      value: 0
      objectReference: {fileID: 0}
    - target: {fileID: 2461832838421066329, guid: e4761b76ee951bf4ca172a286e1379e2,
        type: 3}
      propertyPath: m_SizeDelta.x
      value: 0
      objectReference: {fileID: 0}
    - target: {fileID: 2461832838421066329, guid: e4761b76ee951bf4ca172a286e1379e2,
        type: 3}
      propertyPath: m_SizeDelta.y
      value: 0
      objectReference: {fileID: 0}
    - target: {fileID: 2461832838421066329, guid: e4761b76ee951bf4ca172a286e1379e2,
        type: 3}
      propertyPath: m_AnchoredPosition.x
      value: 0
      objectReference: {fileID: 0}
    - target: {fileID: 2461832838421066329, guid: e4761b76ee951bf4ca172a286e1379e2,
        type: 3}
      propertyPath: m_AnchoredPosition.y
      value: 0
      objectReference: {fileID: 0}
    - target: {fileID: 2501986568367547842, guid: e4761b76ee951bf4ca172a286e1379e2,
        type: 3}
      propertyPath: m_AnchorMax.y
      value: 0
      objectReference: {fileID: 0}
    - target: {fileID: 2501986568367547842, guid: e4761b76ee951bf4ca172a286e1379e2,
        type: 3}
      propertyPath: m_AnchorMin.y
      value: 0
      objectReference: {fileID: 0}
    - target: {fileID: 2501986568367547842, guid: e4761b76ee951bf4ca172a286e1379e2,
        type: 3}
      propertyPath: m_SizeDelta.x
      value: 0
      objectReference: {fileID: 0}
    - target: {fileID: 2501986568367547842, guid: e4761b76ee951bf4ca172a286e1379e2,
        type: 3}
      propertyPath: m_SizeDelta.y
      value: 0
      objectReference: {fileID: 0}
    - target: {fileID: 2501986568367547842, guid: e4761b76ee951bf4ca172a286e1379e2,
        type: 3}
      propertyPath: m_AnchoredPosition.x
      value: 0
      objectReference: {fileID: 0}
    - target: {fileID: 2501986568367547842, guid: e4761b76ee951bf4ca172a286e1379e2,
        type: 3}
      propertyPath: m_AnchoredPosition.y
      value: 0
      objectReference: {fileID: 0}
    - target: {fileID: 2865941180013867731, guid: e4761b76ee951bf4ca172a286e1379e2,
        type: 3}
      propertyPath: m_AnchorMax.y
      value: 0
      objectReference: {fileID: 0}
    - target: {fileID: 2865941180013867731, guid: e4761b76ee951bf4ca172a286e1379e2,
        type: 3}
      propertyPath: m_AnchorMin.y
      value: 0
      objectReference: {fileID: 0}
    - target: {fileID: 2865941180013867731, guid: e4761b76ee951bf4ca172a286e1379e2,
        type: 3}
      propertyPath: m_SizeDelta.x
      value: 0
      objectReference: {fileID: 0}
    - target: {fileID: 2865941180013867731, guid: e4761b76ee951bf4ca172a286e1379e2,
        type: 3}
      propertyPath: m_SizeDelta.y
      value: 0
      objectReference: {fileID: 0}
    - target: {fileID: 2865941180013867731, guid: e4761b76ee951bf4ca172a286e1379e2,
        type: 3}
      propertyPath: m_AnchoredPosition.x
      value: 0
      objectReference: {fileID: 0}
    - target: {fileID: 2865941180013867731, guid: e4761b76ee951bf4ca172a286e1379e2,
        type: 3}
      propertyPath: m_AnchoredPosition.y
      value: 0
      objectReference: {fileID: 0}
    - target: {fileID: 2873404685015214147, guid: e4761b76ee951bf4ca172a286e1379e2,
        type: 3}
      propertyPath: m_AnchorMax.y
      value: 0
      objectReference: {fileID: 0}
    - target: {fileID: 2873404685015214147, guid: e4761b76ee951bf4ca172a286e1379e2,
        type: 3}
      propertyPath: m_AnchorMin.y
      value: 0
      objectReference: {fileID: 0}
    - target: {fileID: 2873404685015214147, guid: e4761b76ee951bf4ca172a286e1379e2,
        type: 3}
      propertyPath: m_SizeDelta.x
      value: 0
      objectReference: {fileID: 0}
    - target: {fileID: 2873404685015214147, guid: e4761b76ee951bf4ca172a286e1379e2,
        type: 3}
      propertyPath: m_SizeDelta.y
      value: 0
      objectReference: {fileID: 0}
    - target: {fileID: 2873404685015214147, guid: e4761b76ee951bf4ca172a286e1379e2,
        type: 3}
      propertyPath: m_AnchoredPosition.x
      value: 0
      objectReference: {fileID: 0}
    - target: {fileID: 2873404685015214147, guid: e4761b76ee951bf4ca172a286e1379e2,
        type: 3}
      propertyPath: m_AnchoredPosition.y
      value: 0
      objectReference: {fileID: 0}
    - target: {fileID: 2890618576085047545, guid: e4761b76ee951bf4ca172a286e1379e2,
        type: 3}
      propertyPath: m_AnchorMax.y
      value: 0
      objectReference: {fileID: 0}
    - target: {fileID: 2890618576085047545, guid: e4761b76ee951bf4ca172a286e1379e2,
        type: 3}
      propertyPath: m_AnchorMin.y
      value: 0
      objectReference: {fileID: 0}
    - target: {fileID: 2890618576085047545, guid: e4761b76ee951bf4ca172a286e1379e2,
        type: 3}
      propertyPath: m_SizeDelta.x
      value: 0
      objectReference: {fileID: 0}
    - target: {fileID: 2890618576085047545, guid: e4761b76ee951bf4ca172a286e1379e2,
        type: 3}
      propertyPath: m_SizeDelta.y
      value: 0
      objectReference: {fileID: 0}
    - target: {fileID: 2890618576085047545, guid: e4761b76ee951bf4ca172a286e1379e2,
        type: 3}
      propertyPath: m_AnchoredPosition.x
      value: 0
      objectReference: {fileID: 0}
    - target: {fileID: 2890618576085047545, guid: e4761b76ee951bf4ca172a286e1379e2,
        type: 3}
      propertyPath: m_AnchoredPosition.y
      value: 0
      objectReference: {fileID: 0}
    - target: {fileID: 3014727125566858338, guid: e4761b76ee951bf4ca172a286e1379e2,
        type: 3}
      propertyPath: m_AnchorMax.y
      value: 0
      objectReference: {fileID: 0}
    - target: {fileID: 3014727125566858338, guid: e4761b76ee951bf4ca172a286e1379e2,
        type: 3}
      propertyPath: m_AnchorMin.y
      value: 0
      objectReference: {fileID: 0}
    - target: {fileID: 3014727125566858338, guid: e4761b76ee951bf4ca172a286e1379e2,
        type: 3}
      propertyPath: m_SizeDelta.x
      value: 0
      objectReference: {fileID: 0}
    - target: {fileID: 3014727125566858338, guid: e4761b76ee951bf4ca172a286e1379e2,
        type: 3}
      propertyPath: m_SizeDelta.y
      value: 0
      objectReference: {fileID: 0}
    - target: {fileID: 3014727125566858338, guid: e4761b76ee951bf4ca172a286e1379e2,
        type: 3}
      propertyPath: m_AnchoredPosition.x
      value: 0
      objectReference: {fileID: 0}
    - target: {fileID: 3014727125566858338, guid: e4761b76ee951bf4ca172a286e1379e2,
        type: 3}
      propertyPath: m_AnchoredPosition.y
      value: 0
      objectReference: {fileID: 0}
    - target: {fileID: 3430641637484117746, guid: e4761b76ee951bf4ca172a286e1379e2,
        type: 3}
      propertyPath: m_AnchorMax.y
      value: 0
      objectReference: {fileID: 0}
    - target: {fileID: 3430641637484117746, guid: e4761b76ee951bf4ca172a286e1379e2,
        type: 3}
      propertyPath: m_AnchorMin.y
      value: 0
      objectReference: {fileID: 0}
    - target: {fileID: 3430641637484117746, guid: e4761b76ee951bf4ca172a286e1379e2,
        type: 3}
      propertyPath: m_SizeDelta.x
      value: 0
      objectReference: {fileID: 0}
    - target: {fileID: 3430641637484117746, guid: e4761b76ee951bf4ca172a286e1379e2,
        type: 3}
      propertyPath: m_SizeDelta.y
      value: 0
      objectReference: {fileID: 0}
    - target: {fileID: 3430641637484117746, guid: e4761b76ee951bf4ca172a286e1379e2,
        type: 3}
      propertyPath: m_AnchoredPosition.x
      value: 0
      objectReference: {fileID: 0}
    - target: {fileID: 3430641637484117746, guid: e4761b76ee951bf4ca172a286e1379e2,
        type: 3}
      propertyPath: m_AnchoredPosition.y
      value: 0
      objectReference: {fileID: 0}
    - target: {fileID: 3589253181704580896, guid: e4761b76ee951bf4ca172a286e1379e2,
        type: 3}
      propertyPath: m_AnchorMax.y
      value: 0
      objectReference: {fileID: 0}
    - target: {fileID: 3589253181704580896, guid: e4761b76ee951bf4ca172a286e1379e2,
        type: 3}
      propertyPath: m_AnchorMin.y
      value: 0
      objectReference: {fileID: 0}
    - target: {fileID: 3589253181704580896, guid: e4761b76ee951bf4ca172a286e1379e2,
        type: 3}
      propertyPath: m_SizeDelta.x
      value: 0
      objectReference: {fileID: 0}
    - target: {fileID: 3589253181704580896, guid: e4761b76ee951bf4ca172a286e1379e2,
        type: 3}
      propertyPath: m_SizeDelta.y
      value: 0
      objectReference: {fileID: 0}
    - target: {fileID: 3589253181704580896, guid: e4761b76ee951bf4ca172a286e1379e2,
        type: 3}
      propertyPath: m_AnchoredPosition.x
      value: 0
      objectReference: {fileID: 0}
    - target: {fileID: 3589253181704580896, guid: e4761b76ee951bf4ca172a286e1379e2,
        type: 3}
      propertyPath: m_AnchoredPosition.y
      value: 0
      objectReference: {fileID: 0}
    - target: {fileID: 3697906990373339479, guid: e4761b76ee951bf4ca172a286e1379e2,
        type: 3}
      propertyPath: m_AnchorMax.y
      value: 0
      objectReference: {fileID: 0}
    - target: {fileID: 3697906990373339479, guid: e4761b76ee951bf4ca172a286e1379e2,
        type: 3}
      propertyPath: m_AnchorMin.y
      value: 0
      objectReference: {fileID: 0}
    - target: {fileID: 3697906990373339479, guid: e4761b76ee951bf4ca172a286e1379e2,
        type: 3}
      propertyPath: m_SizeDelta.x
      value: 0
      objectReference: {fileID: 0}
    - target: {fileID: 3697906990373339479, guid: e4761b76ee951bf4ca172a286e1379e2,
        type: 3}
      propertyPath: m_SizeDelta.y
      value: 0
      objectReference: {fileID: 0}
    - target: {fileID: 3697906990373339479, guid: e4761b76ee951bf4ca172a286e1379e2,
        type: 3}
      propertyPath: m_AnchoredPosition.x
      value: 0
      objectReference: {fileID: 0}
    - target: {fileID: 3697906990373339479, guid: e4761b76ee951bf4ca172a286e1379e2,
        type: 3}
      propertyPath: m_AnchoredPosition.y
      value: 0
      objectReference: {fileID: 0}
    - target: {fileID: 3714500108423414963, guid: e4761b76ee951bf4ca172a286e1379e2,
        type: 3}
      propertyPath: m_Name
      value: List
      objectReference: {fileID: 0}
    - target: {fileID: 3736524782752055467, guid: e4761b76ee951bf4ca172a286e1379e2,
        type: 3}
      propertyPath: m_AnchorMax.y
      value: 0
      objectReference: {fileID: 0}
    - target: {fileID: 3736524782752055467, guid: e4761b76ee951bf4ca172a286e1379e2,
        type: 3}
      propertyPath: m_AnchorMin.y
      value: 0
      objectReference: {fileID: 0}
    - target: {fileID: 3736524782752055467, guid: e4761b76ee951bf4ca172a286e1379e2,
        type: 3}
      propertyPath: m_SizeDelta.x
      value: 0
      objectReference: {fileID: 0}
    - target: {fileID: 3736524782752055467, guid: e4761b76ee951bf4ca172a286e1379e2,
        type: 3}
      propertyPath: m_SizeDelta.y
      value: 0
      objectReference: {fileID: 0}
    - target: {fileID: 3736524782752055467, guid: e4761b76ee951bf4ca172a286e1379e2,
        type: 3}
      propertyPath: m_AnchoredPosition.x
      value: 0
      objectReference: {fileID: 0}
    - target: {fileID: 3736524782752055467, guid: e4761b76ee951bf4ca172a286e1379e2,
        type: 3}
      propertyPath: m_AnchoredPosition.y
      value: 0
      objectReference: {fileID: 0}
    - target: {fileID: 3872928026744387580, guid: e4761b76ee951bf4ca172a286e1379e2,
        type: 3}
      propertyPath: m_AnchorMax.y
      value: 0
      objectReference: {fileID: 0}
    - target: {fileID: 3872928026744387580, guid: e4761b76ee951bf4ca172a286e1379e2,
        type: 3}
      propertyPath: m_AnchorMin.y
      value: 0
      objectReference: {fileID: 0}
    - target: {fileID: 3872928026744387580, guid: e4761b76ee951bf4ca172a286e1379e2,
        type: 3}
      propertyPath: m_SizeDelta.x
      value: 0
      objectReference: {fileID: 0}
    - target: {fileID: 3872928026744387580, guid: e4761b76ee951bf4ca172a286e1379e2,
        type: 3}
      propertyPath: m_SizeDelta.y
      value: 0
      objectReference: {fileID: 0}
    - target: {fileID: 3872928026744387580, guid: e4761b76ee951bf4ca172a286e1379e2,
        type: 3}
      propertyPath: m_AnchoredPosition.x
      value: 0
      objectReference: {fileID: 0}
    - target: {fileID: 3872928026744387580, guid: e4761b76ee951bf4ca172a286e1379e2,
        type: 3}
      propertyPath: m_AnchoredPosition.y
      value: 0
      objectReference: {fileID: 0}
    - target: {fileID: 4073712659423533540, guid: e4761b76ee951bf4ca172a286e1379e2,
        type: 3}
      propertyPath: m_AnchorMax.y
      value: 0
      objectReference: {fileID: 0}
    - target: {fileID: 4073712659423533540, guid: e4761b76ee951bf4ca172a286e1379e2,
        type: 3}
      propertyPath: m_AnchorMin.y
      value: 0
      objectReference: {fileID: 0}
    - target: {fileID: 4073712659423533540, guid: e4761b76ee951bf4ca172a286e1379e2,
        type: 3}
      propertyPath: m_SizeDelta.x
      value: 0
      objectReference: {fileID: 0}
    - target: {fileID: 4073712659423533540, guid: e4761b76ee951bf4ca172a286e1379e2,
        type: 3}
      propertyPath: m_SizeDelta.y
      value: 0
      objectReference: {fileID: 0}
    - target: {fileID: 4073712659423533540, guid: e4761b76ee951bf4ca172a286e1379e2,
        type: 3}
      propertyPath: m_AnchoredPosition.x
      value: 0
      objectReference: {fileID: 0}
    - target: {fileID: 4073712659423533540, guid: e4761b76ee951bf4ca172a286e1379e2,
        type: 3}
      propertyPath: m_AnchoredPosition.y
      value: 0
      objectReference: {fileID: 0}
    - target: {fileID: 4090816601811348329, guid: e4761b76ee951bf4ca172a286e1379e2,
        type: 3}
      propertyPath: m_AnchorMax.y
      value: 0
      objectReference: {fileID: 0}
    - target: {fileID: 4090816601811348329, guid: e4761b76ee951bf4ca172a286e1379e2,
        type: 3}
      propertyPath: m_AnchorMin.y
      value: 0
      objectReference: {fileID: 0}
    - target: {fileID: 4090816601811348329, guid: e4761b76ee951bf4ca172a286e1379e2,
        type: 3}
      propertyPath: m_SizeDelta.x
      value: 0
      objectReference: {fileID: 0}
    - target: {fileID: 4090816601811348329, guid: e4761b76ee951bf4ca172a286e1379e2,
        type: 3}
      propertyPath: m_SizeDelta.y
      value: 0
      objectReference: {fileID: 0}
    - target: {fileID: 4090816601811348329, guid: e4761b76ee951bf4ca172a286e1379e2,
        type: 3}
      propertyPath: m_AnchoredPosition.x
      value: 0
      objectReference: {fileID: 0}
    - target: {fileID: 4090816601811348329, guid: e4761b76ee951bf4ca172a286e1379e2,
        type: 3}
      propertyPath: m_AnchoredPosition.y
      value: 0
      objectReference: {fileID: 0}
    - target: {fileID: 4126212096292021631, guid: e4761b76ee951bf4ca172a286e1379e2,
        type: 3}
      propertyPath: m_AnchorMax.y
      value: 0
      objectReference: {fileID: 0}
    - target: {fileID: 4126212096292021631, guid: e4761b76ee951bf4ca172a286e1379e2,
        type: 3}
      propertyPath: m_AnchorMin.y
      value: 0
      objectReference: {fileID: 0}
    - target: {fileID: 4126212096292021631, guid: e4761b76ee951bf4ca172a286e1379e2,
        type: 3}
      propertyPath: m_SizeDelta.x
      value: 0
      objectReference: {fileID: 0}
    - target: {fileID: 4126212096292021631, guid: e4761b76ee951bf4ca172a286e1379e2,
        type: 3}
      propertyPath: m_SizeDelta.y
      value: 0
      objectReference: {fileID: 0}
    - target: {fileID: 4126212096292021631, guid: e4761b76ee951bf4ca172a286e1379e2,
        type: 3}
      propertyPath: m_AnchoredPosition.x
      value: 0
      objectReference: {fileID: 0}
    - target: {fileID: 4126212096292021631, guid: e4761b76ee951bf4ca172a286e1379e2,
        type: 3}
      propertyPath: m_AnchoredPosition.y
      value: 0
      objectReference: {fileID: 0}
    - target: {fileID: 4279863343921712240, guid: e4761b76ee951bf4ca172a286e1379e2,
        type: 3}
      propertyPath: m_AnchorMax.y
      value: 0
      objectReference: {fileID: 0}
    - target: {fileID: 4279863343921712240, guid: e4761b76ee951bf4ca172a286e1379e2,
        type: 3}
      propertyPath: m_AnchorMin.y
      value: 0
      objectReference: {fileID: 0}
    - target: {fileID: 4279863343921712240, guid: e4761b76ee951bf4ca172a286e1379e2,
        type: 3}
      propertyPath: m_SizeDelta.x
      value: 0
      objectReference: {fileID: 0}
    - target: {fileID: 4279863343921712240, guid: e4761b76ee951bf4ca172a286e1379e2,
        type: 3}
      propertyPath: m_SizeDelta.y
      value: 0
      objectReference: {fileID: 0}
    - target: {fileID: 4279863343921712240, guid: e4761b76ee951bf4ca172a286e1379e2,
        type: 3}
      propertyPath: m_AnchoredPosition.x
      value: 0
      objectReference: {fileID: 0}
    - target: {fileID: 4279863343921712240, guid: e4761b76ee951bf4ca172a286e1379e2,
        type: 3}
      propertyPath: m_AnchoredPosition.y
      value: 0
      objectReference: {fileID: 0}
    - target: {fileID: 4447456161788542072, guid: e4761b76ee951bf4ca172a286e1379e2,
        type: 3}
      propertyPath: m_AnchorMax.y
      value: 0
      objectReference: {fileID: 0}
    - target: {fileID: 4447456161788542072, guid: e4761b76ee951bf4ca172a286e1379e2,
        type: 3}
      propertyPath: m_AnchorMin.y
      value: 0
      objectReference: {fileID: 0}
    - target: {fileID: 4447456161788542072, guid: e4761b76ee951bf4ca172a286e1379e2,
        type: 3}
      propertyPath: m_SizeDelta.x
      value: 0
      objectReference: {fileID: 0}
    - target: {fileID: 4447456161788542072, guid: e4761b76ee951bf4ca172a286e1379e2,
        type: 3}
      propertyPath: m_SizeDelta.y
      value: 0
      objectReference: {fileID: 0}
    - target: {fileID: 4447456161788542072, guid: e4761b76ee951bf4ca172a286e1379e2,
        type: 3}
      propertyPath: m_AnchoredPosition.x
      value: 0
      objectReference: {fileID: 0}
    - target: {fileID: 4447456161788542072, guid: e4761b76ee951bf4ca172a286e1379e2,
        type: 3}
      propertyPath: m_AnchoredPosition.y
      value: 0
      objectReference: {fileID: 0}
    - target: {fileID: 4822404334336490656, guid: e4761b76ee951bf4ca172a286e1379e2,
        type: 3}
      propertyPath: m_AnchorMax.y
      value: 0
      objectReference: {fileID: 0}
    - target: {fileID: 4822404334336490656, guid: e4761b76ee951bf4ca172a286e1379e2,
        type: 3}
      propertyPath: m_AnchorMin.y
      value: 0
      objectReference: {fileID: 0}
    - target: {fileID: 4822404334336490656, guid: e4761b76ee951bf4ca172a286e1379e2,
        type: 3}
      propertyPath: m_SizeDelta.x
      value: 0
      objectReference: {fileID: 0}
    - target: {fileID: 4822404334336490656, guid: e4761b76ee951bf4ca172a286e1379e2,
        type: 3}
      propertyPath: m_SizeDelta.y
      value: 0
      objectReference: {fileID: 0}
    - target: {fileID: 4822404334336490656, guid: e4761b76ee951bf4ca172a286e1379e2,
        type: 3}
      propertyPath: m_AnchoredPosition.x
      value: 0
      objectReference: {fileID: 0}
    - target: {fileID: 4822404334336490656, guid: e4761b76ee951bf4ca172a286e1379e2,
        type: 3}
      propertyPath: m_AnchoredPosition.y
      value: 0
      objectReference: {fileID: 0}
    - target: {fileID: 4960455139405859922, guid: e4761b76ee951bf4ca172a286e1379e2,
        type: 3}
      propertyPath: m_AnchorMax.y
      value: 0
      objectReference: {fileID: 0}
    - target: {fileID: 4960455139405859922, guid: e4761b76ee951bf4ca172a286e1379e2,
        type: 3}
      propertyPath: m_AnchorMin.y
      value: 0
      objectReference: {fileID: 0}
    - target: {fileID: 4960455139405859922, guid: e4761b76ee951bf4ca172a286e1379e2,
        type: 3}
      propertyPath: m_SizeDelta.x
      value: 0
      objectReference: {fileID: 0}
    - target: {fileID: 4960455139405859922, guid: e4761b76ee951bf4ca172a286e1379e2,
        type: 3}
      propertyPath: m_SizeDelta.y
      value: 0
      objectReference: {fileID: 0}
    - target: {fileID: 4960455139405859922, guid: e4761b76ee951bf4ca172a286e1379e2,
        type: 3}
      propertyPath: m_AnchoredPosition.x
      value: 0
      objectReference: {fileID: 0}
    - target: {fileID: 4960455139405859922, guid: e4761b76ee951bf4ca172a286e1379e2,
        type: 3}
      propertyPath: m_AnchoredPosition.y
      value: 0
      objectReference: {fileID: 0}
    - target: {fileID: 5098716980326458329, guid: e4761b76ee951bf4ca172a286e1379e2,
        type: 3}
      propertyPath: m_AnchorMax.y
      value: 0
      objectReference: {fileID: 0}
    - target: {fileID: 5098716980326458329, guid: e4761b76ee951bf4ca172a286e1379e2,
        type: 3}
      propertyPath: m_AnchorMin.y
      value: 0
      objectReference: {fileID: 0}
    - target: {fileID: 5098716980326458329, guid: e4761b76ee951bf4ca172a286e1379e2,
        type: 3}
      propertyPath: m_SizeDelta.x
      value: 0
      objectReference: {fileID: 0}
    - target: {fileID: 5098716980326458329, guid: e4761b76ee951bf4ca172a286e1379e2,
        type: 3}
      propertyPath: m_SizeDelta.y
      value: 0
      objectReference: {fileID: 0}
    - target: {fileID: 5098716980326458329, guid: e4761b76ee951bf4ca172a286e1379e2,
        type: 3}
      propertyPath: m_AnchoredPosition.x
      value: 0
      objectReference: {fileID: 0}
    - target: {fileID: 5098716980326458329, guid: e4761b76ee951bf4ca172a286e1379e2,
        type: 3}
      propertyPath: m_AnchoredPosition.y
      value: 0
      objectReference: {fileID: 0}
    - target: {fileID: 5373052757006608913, guid: e4761b76ee951bf4ca172a286e1379e2,
        type: 3}
      propertyPath: m_AnchorMax.y
      value: 0
      objectReference: {fileID: 0}
    - target: {fileID: 5373052757006608913, guid: e4761b76ee951bf4ca172a286e1379e2,
        type: 3}
      propertyPath: m_AnchorMin.y
      value: 0
      objectReference: {fileID: 0}
    - target: {fileID: 5373052757006608913, guid: e4761b76ee951bf4ca172a286e1379e2,
        type: 3}
      propertyPath: m_SizeDelta.x
      value: 0
      objectReference: {fileID: 0}
    - target: {fileID: 5373052757006608913, guid: e4761b76ee951bf4ca172a286e1379e2,
        type: 3}
      propertyPath: m_SizeDelta.y
      value: 0
      objectReference: {fileID: 0}
    - target: {fileID: 5373052757006608913, guid: e4761b76ee951bf4ca172a286e1379e2,
        type: 3}
      propertyPath: m_AnchoredPosition.x
      value: 0
      objectReference: {fileID: 0}
    - target: {fileID: 5373052757006608913, guid: e4761b76ee951bf4ca172a286e1379e2,
        type: 3}
      propertyPath: m_AnchoredPosition.y
      value: 0
      objectReference: {fileID: 0}
    - target: {fileID: 5465607193923771191, guid: e4761b76ee951bf4ca172a286e1379e2,
        type: 3}
      propertyPath: m_AnchorMax.y
      value: 0
      objectReference: {fileID: 0}
    - target: {fileID: 5465607193923771191, guid: e4761b76ee951bf4ca172a286e1379e2,
        type: 3}
      propertyPath: m_AnchorMin.y
      value: 0
      objectReference: {fileID: 0}
    - target: {fileID: 5465607193923771191, guid: e4761b76ee951bf4ca172a286e1379e2,
        type: 3}
      propertyPath: m_SizeDelta.x
      value: 0
      objectReference: {fileID: 0}
    - target: {fileID: 5465607193923771191, guid: e4761b76ee951bf4ca172a286e1379e2,
        type: 3}
      propertyPath: m_SizeDelta.y
      value: 0
      objectReference: {fileID: 0}
    - target: {fileID: 5465607193923771191, guid: e4761b76ee951bf4ca172a286e1379e2,
        type: 3}
      propertyPath: m_AnchoredPosition.x
      value: 0
      objectReference: {fileID: 0}
    - target: {fileID: 5465607193923771191, guid: e4761b76ee951bf4ca172a286e1379e2,
        type: 3}
      propertyPath: m_AnchoredPosition.y
      value: 0
      objectReference: {fileID: 0}
    - target: {fileID: 5505931872389431433, guid: e4761b76ee951bf4ca172a286e1379e2,
        type: 3}
      propertyPath: m_AnchorMax.y
      value: 0
      objectReference: {fileID: 0}
    - target: {fileID: 5505931872389431433, guid: e4761b76ee951bf4ca172a286e1379e2,
        type: 3}
      propertyPath: m_AnchorMin.y
      value: 0
      objectReference: {fileID: 0}
    - target: {fileID: 5505931872389431433, guid: e4761b76ee951bf4ca172a286e1379e2,
        type: 3}
      propertyPath: m_SizeDelta.x
      value: 0
      objectReference: {fileID: 0}
    - target: {fileID: 5505931872389431433, guid: e4761b76ee951bf4ca172a286e1379e2,
        type: 3}
      propertyPath: m_SizeDelta.y
      value: 0
      objectReference: {fileID: 0}
    - target: {fileID: 5505931872389431433, guid: e4761b76ee951bf4ca172a286e1379e2,
        type: 3}
      propertyPath: m_AnchoredPosition.x
      value: 0
      objectReference: {fileID: 0}
    - target: {fileID: 5505931872389431433, guid: e4761b76ee951bf4ca172a286e1379e2,
        type: 3}
      propertyPath: m_AnchoredPosition.y
      value: 0
      objectReference: {fileID: 0}
    - target: {fileID: 5563988007687990684, guid: e4761b76ee951bf4ca172a286e1379e2,
        type: 3}
      propertyPath: m_AnchorMax.y
      value: 0
      objectReference: {fileID: 0}
    - target: {fileID: 5563988007687990684, guid: e4761b76ee951bf4ca172a286e1379e2,
        type: 3}
      propertyPath: m_AnchorMin.y
      value: 0
      objectReference: {fileID: 0}
    - target: {fileID: 5563988007687990684, guid: e4761b76ee951bf4ca172a286e1379e2,
        type: 3}
      propertyPath: m_SizeDelta.x
      value: 0
      objectReference: {fileID: 0}
    - target: {fileID: 5563988007687990684, guid: e4761b76ee951bf4ca172a286e1379e2,
        type: 3}
      propertyPath: m_SizeDelta.y
      value: 0
      objectReference: {fileID: 0}
    - target: {fileID: 5563988007687990684, guid: e4761b76ee951bf4ca172a286e1379e2,
        type: 3}
      propertyPath: m_AnchoredPosition.x
      value: 0
      objectReference: {fileID: 0}
    - target: {fileID: 5563988007687990684, guid: e4761b76ee951bf4ca172a286e1379e2,
        type: 3}
      propertyPath: m_AnchoredPosition.y
      value: 0
      objectReference: {fileID: 0}
    - target: {fileID: 5780684800995893536, guid: e4761b76ee951bf4ca172a286e1379e2,
        type: 3}
      propertyPath: m_LocalPosition.x
      value: 0.942
      objectReference: {fileID: 0}
    - target: {fileID: 5780684800995893536, guid: e4761b76ee951bf4ca172a286e1379e2,
        type: 3}
      propertyPath: m_LocalPosition.y
      value: 0
      objectReference: {fileID: 0}
    - target: {fileID: 5780684800995893536, guid: e4761b76ee951bf4ca172a286e1379e2,
        type: 3}
      propertyPath: m_LocalPosition.z
      value: 0
      objectReference: {fileID: 0}
    - target: {fileID: 5780684800995893536, guid: e4761b76ee951bf4ca172a286e1379e2,
        type: 3}
      propertyPath: m_LocalRotation.w
      value: 1
      objectReference: {fileID: 0}
    - target: {fileID: 5780684800995893536, guid: e4761b76ee951bf4ca172a286e1379e2,
        type: 3}
      propertyPath: m_LocalRotation.x
      value: 0
      objectReference: {fileID: 0}
    - target: {fileID: 5780684800995893536, guid: e4761b76ee951bf4ca172a286e1379e2,
        type: 3}
      propertyPath: m_LocalRotation.y
      value: 0
      objectReference: {fileID: 0}
    - target: {fileID: 5780684800995893536, guid: e4761b76ee951bf4ca172a286e1379e2,
        type: 3}
      propertyPath: m_LocalRotation.z
      value: 0
      objectReference: {fileID: 0}
    - target: {fileID: 5780684800995893536, guid: e4761b76ee951bf4ca172a286e1379e2,
        type: 3}
      propertyPath: m_LocalEulerAnglesHint.x
      value: 0
      objectReference: {fileID: 0}
    - target: {fileID: 5780684800995893536, guid: e4761b76ee951bf4ca172a286e1379e2,
        type: 3}
      propertyPath: m_LocalEulerAnglesHint.y
      value: 0
      objectReference: {fileID: 0}
    - target: {fileID: 5780684800995893536, guid: e4761b76ee951bf4ca172a286e1379e2,
        type: 3}
      propertyPath: m_LocalEulerAnglesHint.z
      value: 0
      objectReference: {fileID: 0}
    - target: {fileID: 5820903090732056106, guid: e4761b76ee951bf4ca172a286e1379e2,
        type: 3}
      propertyPath: m_AnchorMax.y
      value: 0
      objectReference: {fileID: 0}
    - target: {fileID: 5820903090732056106, guid: e4761b76ee951bf4ca172a286e1379e2,
        type: 3}
      propertyPath: m_AnchorMin.y
      value: 0
      objectReference: {fileID: 0}
    - target: {fileID: 5820903090732056106, guid: e4761b76ee951bf4ca172a286e1379e2,
        type: 3}
      propertyPath: m_SizeDelta.x
      value: 0
      objectReference: {fileID: 0}
    - target: {fileID: 5820903090732056106, guid: e4761b76ee951bf4ca172a286e1379e2,
        type: 3}
      propertyPath: m_SizeDelta.y
      value: 0
      objectReference: {fileID: 0}
    - target: {fileID: 5820903090732056106, guid: e4761b76ee951bf4ca172a286e1379e2,
        type: 3}
      propertyPath: m_AnchoredPosition.x
      value: 0
      objectReference: {fileID: 0}
    - target: {fileID: 5820903090732056106, guid: e4761b76ee951bf4ca172a286e1379e2,
        type: 3}
      propertyPath: m_AnchoredPosition.y
      value: 0
      objectReference: {fileID: 0}
    - target: {fileID: 5831524361540674746, guid: e4761b76ee951bf4ca172a286e1379e2,
        type: 3}
      propertyPath: m_AnchorMax.y
      value: 0
      objectReference: {fileID: 0}
    - target: {fileID: 5831524361540674746, guid: e4761b76ee951bf4ca172a286e1379e2,
        type: 3}
      propertyPath: m_AnchorMin.y
      value: 0
      objectReference: {fileID: 0}
    - target: {fileID: 5831524361540674746, guid: e4761b76ee951bf4ca172a286e1379e2,
        type: 3}
      propertyPath: m_SizeDelta.x
      value: 0
      objectReference: {fileID: 0}
    - target: {fileID: 5831524361540674746, guid: e4761b76ee951bf4ca172a286e1379e2,
        type: 3}
      propertyPath: m_SizeDelta.y
      value: 0
      objectReference: {fileID: 0}
    - target: {fileID: 5831524361540674746, guid: e4761b76ee951bf4ca172a286e1379e2,
        type: 3}
      propertyPath: m_AnchoredPosition.x
      value: 0
      objectReference: {fileID: 0}
    - target: {fileID: 5831524361540674746, guid: e4761b76ee951bf4ca172a286e1379e2,
        type: 3}
      propertyPath: m_AnchoredPosition.y
      value: 0
      objectReference: {fileID: 0}
    - target: {fileID: 6175852720368773435, guid: e4761b76ee951bf4ca172a286e1379e2,
        type: 3}
      propertyPath: m_AnchorMax.y
      value: 0
      objectReference: {fileID: 0}
    - target: {fileID: 6175852720368773435, guid: e4761b76ee951bf4ca172a286e1379e2,
        type: 3}
      propertyPath: m_AnchorMin.y
      value: 0
      objectReference: {fileID: 0}
    - target: {fileID: 6175852720368773435, guid: e4761b76ee951bf4ca172a286e1379e2,
        type: 3}
      propertyPath: m_SizeDelta.x
      value: 0
      objectReference: {fileID: 0}
    - target: {fileID: 6175852720368773435, guid: e4761b76ee951bf4ca172a286e1379e2,
        type: 3}
      propertyPath: m_SizeDelta.y
      value: 0
      objectReference: {fileID: 0}
    - target: {fileID: 6175852720368773435, guid: e4761b76ee951bf4ca172a286e1379e2,
        type: 3}
      propertyPath: m_AnchoredPosition.x
      value: 0
      objectReference: {fileID: 0}
    - target: {fileID: 6175852720368773435, guid: e4761b76ee951bf4ca172a286e1379e2,
        type: 3}
      propertyPath: m_AnchoredPosition.y
      value: 0
      objectReference: {fileID: 0}
    - target: {fileID: 6231663612819436594, guid: e4761b76ee951bf4ca172a286e1379e2,
        type: 3}
      propertyPath: m_AnchorMax.y
      value: 0
      objectReference: {fileID: 0}
    - target: {fileID: 6231663612819436594, guid: e4761b76ee951bf4ca172a286e1379e2,
        type: 3}
      propertyPath: m_AnchorMin.y
      value: 0
      objectReference: {fileID: 0}
    - target: {fileID: 6231663612819436594, guid: e4761b76ee951bf4ca172a286e1379e2,
        type: 3}
      propertyPath: m_SizeDelta.x
      value: 0
      objectReference: {fileID: 0}
    - target: {fileID: 6231663612819436594, guid: e4761b76ee951bf4ca172a286e1379e2,
        type: 3}
      propertyPath: m_SizeDelta.y
      value: 0
      objectReference: {fileID: 0}
    - target: {fileID: 6231663612819436594, guid: e4761b76ee951bf4ca172a286e1379e2,
        type: 3}
      propertyPath: m_AnchoredPosition.x
      value: 0
      objectReference: {fileID: 0}
    - target: {fileID: 6231663612819436594, guid: e4761b76ee951bf4ca172a286e1379e2,
        type: 3}
      propertyPath: m_AnchoredPosition.y
      value: 0
      objectReference: {fileID: 0}
    - target: {fileID: 6318740581686184105, guid: e4761b76ee951bf4ca172a286e1379e2,
        type: 3}
      propertyPath: m_AnchorMax.y
      value: 0
      objectReference: {fileID: 0}
    - target: {fileID: 6318740581686184105, guid: e4761b76ee951bf4ca172a286e1379e2,
        type: 3}
      propertyPath: m_AnchorMin.y
      value: 0
      objectReference: {fileID: 0}
    - target: {fileID: 6318740581686184105, guid: e4761b76ee951bf4ca172a286e1379e2,
        type: 3}
      propertyPath: m_SizeDelta.x
      value: 0
      objectReference: {fileID: 0}
    - target: {fileID: 6318740581686184105, guid: e4761b76ee951bf4ca172a286e1379e2,
        type: 3}
      propertyPath: m_SizeDelta.y
      value: 0
      objectReference: {fileID: 0}
    - target: {fileID: 6318740581686184105, guid: e4761b76ee951bf4ca172a286e1379e2,
        type: 3}
      propertyPath: m_AnchoredPosition.x
      value: 0
      objectReference: {fileID: 0}
    - target: {fileID: 6318740581686184105, guid: e4761b76ee951bf4ca172a286e1379e2,
        type: 3}
      propertyPath: m_AnchoredPosition.y
      value: 0
      objectReference: {fileID: 0}
    - target: {fileID: 6382102806392402443, guid: e4761b76ee951bf4ca172a286e1379e2,
        type: 3}
      propertyPath: m_AnchorMax.y
      value: 0
      objectReference: {fileID: 0}
    - target: {fileID: 6382102806392402443, guid: e4761b76ee951bf4ca172a286e1379e2,
        type: 3}
      propertyPath: m_AnchorMin.y
      value: 0
      objectReference: {fileID: 0}
    - target: {fileID: 6382102806392402443, guid: e4761b76ee951bf4ca172a286e1379e2,
        type: 3}
      propertyPath: m_SizeDelta.x
      value: 0
      objectReference: {fileID: 0}
    - target: {fileID: 6382102806392402443, guid: e4761b76ee951bf4ca172a286e1379e2,
        type: 3}
      propertyPath: m_SizeDelta.y
      value: 0
      objectReference: {fileID: 0}
    - target: {fileID: 6382102806392402443, guid: e4761b76ee951bf4ca172a286e1379e2,
        type: 3}
      propertyPath: m_AnchoredPosition.x
      value: 0
      objectReference: {fileID: 0}
    - target: {fileID: 6382102806392402443, guid: e4761b76ee951bf4ca172a286e1379e2,
        type: 3}
      propertyPath: m_AnchoredPosition.y
      value: 0
      objectReference: {fileID: 0}
    - target: {fileID: 6523312900758791857, guid: e4761b76ee951bf4ca172a286e1379e2,
        type: 3}
      propertyPath: m_AnchorMax.y
      value: 0
      objectReference: {fileID: 0}
    - target: {fileID: 6523312900758791857, guid: e4761b76ee951bf4ca172a286e1379e2,
        type: 3}
      propertyPath: m_AnchorMin.y
      value: 0
      objectReference: {fileID: 0}
    - target: {fileID: 6523312900758791857, guid: e4761b76ee951bf4ca172a286e1379e2,
        type: 3}
      propertyPath: m_SizeDelta.x
      value: 0
      objectReference: {fileID: 0}
    - target: {fileID: 6523312900758791857, guid: e4761b76ee951bf4ca172a286e1379e2,
        type: 3}
      propertyPath: m_SizeDelta.y
      value: 0
      objectReference: {fileID: 0}
    - target: {fileID: 6523312900758791857, guid: e4761b76ee951bf4ca172a286e1379e2,
        type: 3}
      propertyPath: m_AnchoredPosition.x
      value: 0
      objectReference: {fileID: 0}
    - target: {fileID: 6523312900758791857, guid: e4761b76ee951bf4ca172a286e1379e2,
        type: 3}
      propertyPath: m_AnchoredPosition.y
      value: 0
      objectReference: {fileID: 0}
    - target: {fileID: 6659007251779457050, guid: e4761b76ee951bf4ca172a286e1379e2,
        type: 3}
      propertyPath: m_AnchorMax.y
      value: 0
      objectReference: {fileID: 0}
    - target: {fileID: 6659007251779457050, guid: e4761b76ee951bf4ca172a286e1379e2,
        type: 3}
      propertyPath: m_AnchorMin.y
      value: 0
      objectReference: {fileID: 0}
    - target: {fileID: 6659007251779457050, guid: e4761b76ee951bf4ca172a286e1379e2,
        type: 3}
      propertyPath: m_SizeDelta.x
      value: 0
      objectReference: {fileID: 0}
    - target: {fileID: 6659007251779457050, guid: e4761b76ee951bf4ca172a286e1379e2,
        type: 3}
      propertyPath: m_SizeDelta.y
      value: 0
      objectReference: {fileID: 0}
    - target: {fileID: 6659007251779457050, guid: e4761b76ee951bf4ca172a286e1379e2,
        type: 3}
      propertyPath: m_AnchoredPosition.x
      value: 0
      objectReference: {fileID: 0}
    - target: {fileID: 6659007251779457050, guid: e4761b76ee951bf4ca172a286e1379e2,
        type: 3}
      propertyPath: m_AnchoredPosition.y
      value: 0
      objectReference: {fileID: 0}
    - target: {fileID: 6683095097102871922, guid: e4761b76ee951bf4ca172a286e1379e2,
        type: 3}
      propertyPath: m_AnchorMax.y
      value: 0
      objectReference: {fileID: 0}
    - target: {fileID: 6683095097102871922, guid: e4761b76ee951bf4ca172a286e1379e2,
        type: 3}
      propertyPath: m_AnchorMin.y
      value: 0
      objectReference: {fileID: 0}
    - target: {fileID: 6683095097102871922, guid: e4761b76ee951bf4ca172a286e1379e2,
        type: 3}
      propertyPath: m_SizeDelta.x
      value: 0
      objectReference: {fileID: 0}
    - target: {fileID: 6683095097102871922, guid: e4761b76ee951bf4ca172a286e1379e2,
        type: 3}
      propertyPath: m_SizeDelta.y
      value: 0
      objectReference: {fileID: 0}
    - target: {fileID: 6683095097102871922, guid: e4761b76ee951bf4ca172a286e1379e2,
        type: 3}
      propertyPath: m_AnchoredPosition.x
      value: 0
      objectReference: {fileID: 0}
    - target: {fileID: 6683095097102871922, guid: e4761b76ee951bf4ca172a286e1379e2,
        type: 3}
      propertyPath: m_AnchoredPosition.y
      value: 0
      objectReference: {fileID: 0}
    - target: {fileID: 6821339540115473145, guid: e4761b76ee951bf4ca172a286e1379e2,
        type: 3}
      propertyPath: m_AnchorMax.y
      value: 0
      objectReference: {fileID: 0}
    - target: {fileID: 6821339540115473145, guid: e4761b76ee951bf4ca172a286e1379e2,
        type: 3}
      propertyPath: m_AnchorMin.y
      value: 0
      objectReference: {fileID: 0}
    - target: {fileID: 6821339540115473145, guid: e4761b76ee951bf4ca172a286e1379e2,
        type: 3}
      propertyPath: m_SizeDelta.x
      value: 0
      objectReference: {fileID: 0}
    - target: {fileID: 6821339540115473145, guid: e4761b76ee951bf4ca172a286e1379e2,
        type: 3}
      propertyPath: m_SizeDelta.y
      value: 0
      objectReference: {fileID: 0}
    - target: {fileID: 6821339540115473145, guid: e4761b76ee951bf4ca172a286e1379e2,
        type: 3}
      propertyPath: m_AnchoredPosition.x
      value: 0
      objectReference: {fileID: 0}
    - target: {fileID: 6821339540115473145, guid: e4761b76ee951bf4ca172a286e1379e2,
        type: 3}
      propertyPath: m_AnchoredPosition.y
      value: 0
      objectReference: {fileID: 0}
    - target: {fileID: 7155028243297189456, guid: e4761b76ee951bf4ca172a286e1379e2,
        type: 3}
      propertyPath: m_AnchorMax.y
      value: 0
      objectReference: {fileID: 0}
    - target: {fileID: 7155028243297189456, guid: e4761b76ee951bf4ca172a286e1379e2,
        type: 3}
      propertyPath: m_AnchorMin.y
      value: 0
      objectReference: {fileID: 0}
    - target: {fileID: 7155028243297189456, guid: e4761b76ee951bf4ca172a286e1379e2,
        type: 3}
      propertyPath: m_SizeDelta.x
      value: 0
      objectReference: {fileID: 0}
    - target: {fileID: 7155028243297189456, guid: e4761b76ee951bf4ca172a286e1379e2,
        type: 3}
      propertyPath: m_SizeDelta.y
      value: 0
      objectReference: {fileID: 0}
    - target: {fileID: 7155028243297189456, guid: e4761b76ee951bf4ca172a286e1379e2,
        type: 3}
      propertyPath: m_AnchoredPosition.x
      value: 0
      objectReference: {fileID: 0}
    - target: {fileID: 7155028243297189456, guid: e4761b76ee951bf4ca172a286e1379e2,
        type: 3}
      propertyPath: m_AnchoredPosition.y
      value: 0
      objectReference: {fileID: 0}
    - target: {fileID: 7212186947382841923, guid: e4761b76ee951bf4ca172a286e1379e2,
        type: 3}
      propertyPath: m_AnchorMax.y
      value: 0
      objectReference: {fileID: 0}
    - target: {fileID: 7212186947382841923, guid: e4761b76ee951bf4ca172a286e1379e2,
        type: 3}
      propertyPath: m_AnchorMin.y
      value: 0
      objectReference: {fileID: 0}
    - target: {fileID: 7212186947382841923, guid: e4761b76ee951bf4ca172a286e1379e2,
        type: 3}
      propertyPath: m_SizeDelta.x
      value: 0
      objectReference: {fileID: 0}
    - target: {fileID: 7212186947382841923, guid: e4761b76ee951bf4ca172a286e1379e2,
        type: 3}
      propertyPath: m_SizeDelta.y
      value: 0
      objectReference: {fileID: 0}
    - target: {fileID: 7212186947382841923, guid: e4761b76ee951bf4ca172a286e1379e2,
        type: 3}
      propertyPath: m_AnchoredPosition.x
      value: 0
      objectReference: {fileID: 0}
    - target: {fileID: 7212186947382841923, guid: e4761b76ee951bf4ca172a286e1379e2,
        type: 3}
      propertyPath: m_AnchoredPosition.y
      value: 0
      objectReference: {fileID: 0}
    - target: {fileID: 7340068939585744600, guid: e4761b76ee951bf4ca172a286e1379e2,
        type: 3}
      propertyPath: m_AnchorMax.y
      value: 0
      objectReference: {fileID: 0}
    - target: {fileID: 7340068939585744600, guid: e4761b76ee951bf4ca172a286e1379e2,
        type: 3}
      propertyPath: m_AnchorMin.y
      value: 0
      objectReference: {fileID: 0}
    - target: {fileID: 7340068939585744600, guid: e4761b76ee951bf4ca172a286e1379e2,
        type: 3}
      propertyPath: m_SizeDelta.x
      value: 0
      objectReference: {fileID: 0}
    - target: {fileID: 7340068939585744600, guid: e4761b76ee951bf4ca172a286e1379e2,
        type: 3}
      propertyPath: m_SizeDelta.y
      value: 0
      objectReference: {fileID: 0}
    - target: {fileID: 7340068939585744600, guid: e4761b76ee951bf4ca172a286e1379e2,
        type: 3}
      propertyPath: m_AnchoredPosition.x
      value: 0
      objectReference: {fileID: 0}
    - target: {fileID: 7340068939585744600, guid: e4761b76ee951bf4ca172a286e1379e2,
        type: 3}
      propertyPath: m_AnchoredPosition.y
      value: 0
      objectReference: {fileID: 0}
    - target: {fileID: 7492662448423323607, guid: e4761b76ee951bf4ca172a286e1379e2,
        type: 3}
      propertyPath: m_AnchorMax.y
      value: 0
      objectReference: {fileID: 0}
    - target: {fileID: 7492662448423323607, guid: e4761b76ee951bf4ca172a286e1379e2,
        type: 3}
      propertyPath: m_AnchorMin.y
      value: 0
      objectReference: {fileID: 0}
    - target: {fileID: 7492662448423323607, guid: e4761b76ee951bf4ca172a286e1379e2,
        type: 3}
      propertyPath: m_SizeDelta.x
      value: 0
      objectReference: {fileID: 0}
    - target: {fileID: 7492662448423323607, guid: e4761b76ee951bf4ca172a286e1379e2,
        type: 3}
      propertyPath: m_SizeDelta.y
      value: 0
      objectReference: {fileID: 0}
    - target: {fileID: 7492662448423323607, guid: e4761b76ee951bf4ca172a286e1379e2,
        type: 3}
      propertyPath: m_AnchoredPosition.x
      value: 0
      objectReference: {fileID: 0}
    - target: {fileID: 7492662448423323607, guid: e4761b76ee951bf4ca172a286e1379e2,
        type: 3}
      propertyPath: m_AnchoredPosition.y
      value: 0
      objectReference: {fileID: 0}
    - target: {fileID: 7639650716410234098, guid: e4761b76ee951bf4ca172a286e1379e2,
        type: 3}
      propertyPath: m_AnchorMax.y
      value: 0
      objectReference: {fileID: 0}
    - target: {fileID: 7639650716410234098, guid: e4761b76ee951bf4ca172a286e1379e2,
        type: 3}
      propertyPath: m_AnchorMin.y
      value: 0
      objectReference: {fileID: 0}
    - target: {fileID: 7639650716410234098, guid: e4761b76ee951bf4ca172a286e1379e2,
        type: 3}
      propertyPath: m_SizeDelta.x
      value: 0
      objectReference: {fileID: 0}
    - target: {fileID: 7639650716410234098, guid: e4761b76ee951bf4ca172a286e1379e2,
        type: 3}
      propertyPath: m_SizeDelta.y
      value: 0
      objectReference: {fileID: 0}
    - target: {fileID: 7639650716410234098, guid: e4761b76ee951bf4ca172a286e1379e2,
        type: 3}
      propertyPath: m_AnchoredPosition.x
      value: 0
      objectReference: {fileID: 0}
    - target: {fileID: 7639650716410234098, guid: e4761b76ee951bf4ca172a286e1379e2,
        type: 3}
      propertyPath: m_AnchoredPosition.y
      value: 0
      objectReference: {fileID: 0}
    - target: {fileID: 7725837706298419425, guid: e4761b76ee951bf4ca172a286e1379e2,
        type: 3}
      propertyPath: m_AnchorMax.y
      value: 0
      objectReference: {fileID: 0}
    - target: {fileID: 7725837706298419425, guid: e4761b76ee951bf4ca172a286e1379e2,
        type: 3}
      propertyPath: m_AnchorMin.y
      value: 0
      objectReference: {fileID: 0}
    - target: {fileID: 7725837706298419425, guid: e4761b76ee951bf4ca172a286e1379e2,
        type: 3}
      propertyPath: m_SizeDelta.x
      value: 0
      objectReference: {fileID: 0}
    - target: {fileID: 7725837706298419425, guid: e4761b76ee951bf4ca172a286e1379e2,
        type: 3}
      propertyPath: m_SizeDelta.y
      value: 0
      objectReference: {fileID: 0}
    - target: {fileID: 7725837706298419425, guid: e4761b76ee951bf4ca172a286e1379e2,
        type: 3}
      propertyPath: m_AnchoredPosition.x
      value: 0
      objectReference: {fileID: 0}
    - target: {fileID: 7725837706298419425, guid: e4761b76ee951bf4ca172a286e1379e2,
        type: 3}
      propertyPath: m_AnchoredPosition.y
      value: 0
      objectReference: {fileID: 0}
    - target: {fileID: 8032297543894012899, guid: e4761b76ee951bf4ca172a286e1379e2,
        type: 3}
      propertyPath: m_AnchorMax.y
      value: 0
      objectReference: {fileID: 0}
    - target: {fileID: 8032297543894012899, guid: e4761b76ee951bf4ca172a286e1379e2,
        type: 3}
      propertyPath: m_AnchorMin.y
      value: 0
      objectReference: {fileID: 0}
    - target: {fileID: 8032297543894012899, guid: e4761b76ee951bf4ca172a286e1379e2,
        type: 3}
      propertyPath: m_SizeDelta.x
      value: 0
      objectReference: {fileID: 0}
    - target: {fileID: 8032297543894012899, guid: e4761b76ee951bf4ca172a286e1379e2,
        type: 3}
      propertyPath: m_SizeDelta.y
      value: 0
      objectReference: {fileID: 0}
    - target: {fileID: 8032297543894012899, guid: e4761b76ee951bf4ca172a286e1379e2,
        type: 3}
      propertyPath: m_AnchoredPosition.x
      value: 0
      objectReference: {fileID: 0}
    - target: {fileID: 8032297543894012899, guid: e4761b76ee951bf4ca172a286e1379e2,
        type: 3}
      propertyPath: m_AnchoredPosition.y
      value: 0
      objectReference: {fileID: 0}
    - target: {fileID: 8148350468278133231, guid: e4761b76ee951bf4ca172a286e1379e2,
        type: 3}
      propertyPath: m_AnchorMax.y
      value: 0
      objectReference: {fileID: 0}
    - target: {fileID: 8148350468278133231, guid: e4761b76ee951bf4ca172a286e1379e2,
        type: 3}
      propertyPath: m_AnchorMin.y
      value: 0
      objectReference: {fileID: 0}
    - target: {fileID: 8148350468278133231, guid: e4761b76ee951bf4ca172a286e1379e2,
        type: 3}
      propertyPath: m_SizeDelta.x
      value: 0
      objectReference: {fileID: 0}
    - target: {fileID: 8148350468278133231, guid: e4761b76ee951bf4ca172a286e1379e2,
        type: 3}
      propertyPath: m_SizeDelta.y
      value: 0
      objectReference: {fileID: 0}
    - target: {fileID: 8148350468278133231, guid: e4761b76ee951bf4ca172a286e1379e2,
        type: 3}
      propertyPath: m_AnchoredPosition.x
      value: 0
      objectReference: {fileID: 0}
    - target: {fileID: 8148350468278133231, guid: e4761b76ee951bf4ca172a286e1379e2,
        type: 3}
      propertyPath: m_AnchoredPosition.y
      value: 0
      objectReference: {fileID: 0}
    - target: {fileID: 8458939678570772787, guid: e4761b76ee951bf4ca172a286e1379e2,
        type: 3}
      propertyPath: m_AnchorMax.y
      value: 0
      objectReference: {fileID: 0}
    - target: {fileID: 8458939678570772787, guid: e4761b76ee951bf4ca172a286e1379e2,
        type: 3}
      propertyPath: m_AnchorMin.y
      value: 0
      objectReference: {fileID: 0}
    - target: {fileID: 8458939678570772787, guid: e4761b76ee951bf4ca172a286e1379e2,
        type: 3}
      propertyPath: m_SizeDelta.x
      value: 0
      objectReference: {fileID: 0}
    - target: {fileID: 8458939678570772787, guid: e4761b76ee951bf4ca172a286e1379e2,
        type: 3}
      propertyPath: m_SizeDelta.y
      value: 0
      objectReference: {fileID: 0}
    - target: {fileID: 8458939678570772787, guid: e4761b76ee951bf4ca172a286e1379e2,
        type: 3}
      propertyPath: m_AnchoredPosition.x
      value: 0
      objectReference: {fileID: 0}
    - target: {fileID: 8458939678570772787, guid: e4761b76ee951bf4ca172a286e1379e2,
        type: 3}
      propertyPath: m_AnchoredPosition.y
      value: 0
      objectReference: {fileID: 0}
    - target: {fileID: 8549382958597306961, guid: e4761b76ee951bf4ca172a286e1379e2,
        type: 3}
      propertyPath: m_AnchorMax.y
      value: 0
      objectReference: {fileID: 0}
    - target: {fileID: 8549382958597306961, guid: e4761b76ee951bf4ca172a286e1379e2,
        type: 3}
      propertyPath: m_AnchorMin.y
      value: 0
      objectReference: {fileID: 0}
    - target: {fileID: 8549382958597306961, guid: e4761b76ee951bf4ca172a286e1379e2,
        type: 3}
      propertyPath: m_SizeDelta.x
      value: 0
      objectReference: {fileID: 0}
    - target: {fileID: 8549382958597306961, guid: e4761b76ee951bf4ca172a286e1379e2,
        type: 3}
      propertyPath: m_SizeDelta.y
      value: 0
      objectReference: {fileID: 0}
    - target: {fileID: 8549382958597306961, guid: e4761b76ee951bf4ca172a286e1379e2,
        type: 3}
      propertyPath: m_AnchoredPosition.x
      value: 0
      objectReference: {fileID: 0}
    - target: {fileID: 8549382958597306961, guid: e4761b76ee951bf4ca172a286e1379e2,
        type: 3}
      propertyPath: m_AnchoredPosition.y
      value: 0
      objectReference: {fileID: 0}
    - target: {fileID: 8606778488570681016, guid: e4761b76ee951bf4ca172a286e1379e2,
        type: 3}
      propertyPath: m_AnchorMax.y
      value: 0
      objectReference: {fileID: 0}
    - target: {fileID: 8606778488570681016, guid: e4761b76ee951bf4ca172a286e1379e2,
        type: 3}
      propertyPath: m_AnchorMin.y
      value: 0
      objectReference: {fileID: 0}
    - target: {fileID: 8606778488570681016, guid: e4761b76ee951bf4ca172a286e1379e2,
        type: 3}
      propertyPath: m_SizeDelta.x
      value: 0
      objectReference: {fileID: 0}
    - target: {fileID: 8606778488570681016, guid: e4761b76ee951bf4ca172a286e1379e2,
        type: 3}
      propertyPath: m_SizeDelta.y
      value: 0
      objectReference: {fileID: 0}
    - target: {fileID: 8606778488570681016, guid: e4761b76ee951bf4ca172a286e1379e2,
        type: 3}
      propertyPath: m_AnchoredPosition.x
      value: 0
      objectReference: {fileID: 0}
    - target: {fileID: 8606778488570681016, guid: e4761b76ee951bf4ca172a286e1379e2,
        type: 3}
      propertyPath: m_AnchoredPosition.y
      value: 0
      objectReference: {fileID: 0}
    - target: {fileID: 8645289237680805700, guid: e4761b76ee951bf4ca172a286e1379e2,
        type: 3}
      propertyPath: m_AnchorMax.y
      value: 0
      objectReference: {fileID: 0}
    - target: {fileID: 8645289237680805700, guid: e4761b76ee951bf4ca172a286e1379e2,
        type: 3}
      propertyPath: m_AnchorMin.y
      value: 0
      objectReference: {fileID: 0}
    - target: {fileID: 8645289237680805700, guid: e4761b76ee951bf4ca172a286e1379e2,
        type: 3}
      propertyPath: m_SizeDelta.x
      value: 0
      objectReference: {fileID: 0}
    - target: {fileID: 8645289237680805700, guid: e4761b76ee951bf4ca172a286e1379e2,
        type: 3}
      propertyPath: m_SizeDelta.y
      value: 0
      objectReference: {fileID: 0}
    - target: {fileID: 8645289237680805700, guid: e4761b76ee951bf4ca172a286e1379e2,
        type: 3}
      propertyPath: m_AnchoredPosition.x
      value: 0
      objectReference: {fileID: 0}
    - target: {fileID: 8645289237680805700, guid: e4761b76ee951bf4ca172a286e1379e2,
        type: 3}
      propertyPath: m_AnchoredPosition.y
      value: 0
      objectReference: {fileID: 0}
    - target: {fileID: 8888900136036923764, guid: e4761b76ee951bf4ca172a286e1379e2,
        type: 3}
      propertyPath: m_AnchorMax.y
      value: 0
      objectReference: {fileID: 0}
    - target: {fileID: 8888900136036923764, guid: e4761b76ee951bf4ca172a286e1379e2,
        type: 3}
      propertyPath: m_AnchorMin.y
      value: 0
      objectReference: {fileID: 0}
    - target: {fileID: 8888900136036923764, guid: e4761b76ee951bf4ca172a286e1379e2,
        type: 3}
      propertyPath: m_SizeDelta.x
      value: 0
      objectReference: {fileID: 0}
    - target: {fileID: 8888900136036923764, guid: e4761b76ee951bf4ca172a286e1379e2,
        type: 3}
      propertyPath: m_SizeDelta.y
      value: 0
      objectReference: {fileID: 0}
    - target: {fileID: 8888900136036923764, guid: e4761b76ee951bf4ca172a286e1379e2,
        type: 3}
      propertyPath: m_AnchoredPosition.x
      value: 0
      objectReference: {fileID: 0}
    - target: {fileID: 8888900136036923764, guid: e4761b76ee951bf4ca172a286e1379e2,
        type: 3}
      propertyPath: m_AnchoredPosition.y
      value: 0
      objectReference: {fileID: 0}
    - target: {fileID: 9090162091555139173, guid: e4761b76ee951bf4ca172a286e1379e2,
        type: 3}
      propertyPath: m_AnchorMax.y
      value: 0
      objectReference: {fileID: 0}
    - target: {fileID: 9090162091555139173, guid: e4761b76ee951bf4ca172a286e1379e2,
        type: 3}
      propertyPath: m_AnchorMin.y
      value: 0
      objectReference: {fileID: 0}
    - target: {fileID: 9090162091555139173, guid: e4761b76ee951bf4ca172a286e1379e2,
        type: 3}
      propertyPath: m_SizeDelta.x
      value: 0
      objectReference: {fileID: 0}
    - target: {fileID: 9090162091555139173, guid: e4761b76ee951bf4ca172a286e1379e2,
        type: 3}
      propertyPath: m_SizeDelta.y
      value: 0
      objectReference: {fileID: 0}
    - target: {fileID: 9090162091555139173, guid: e4761b76ee951bf4ca172a286e1379e2,
        type: 3}
      propertyPath: m_AnchoredPosition.x
      value: 0
      objectReference: {fileID: 0}
    - target: {fileID: 9090162091555139173, guid: e4761b76ee951bf4ca172a286e1379e2,
        type: 3}
      propertyPath: m_AnchoredPosition.y
      value: 0
      objectReference: {fileID: 0}
    - target: {fileID: 9109517952538008808, guid: e4761b76ee951bf4ca172a286e1379e2,
        type: 3}
      propertyPath: m_AnchorMax.y
      value: 0
      objectReference: {fileID: 0}
    - target: {fileID: 9109517952538008808, guid: e4761b76ee951bf4ca172a286e1379e2,
        type: 3}
      propertyPath: m_AnchorMin.y
      value: 0
      objectReference: {fileID: 0}
    - target: {fileID: 9109517952538008808, guid: e4761b76ee951bf4ca172a286e1379e2,
        type: 3}
      propertyPath: m_SizeDelta.x
      value: 0
      objectReference: {fileID: 0}
    - target: {fileID: 9109517952538008808, guid: e4761b76ee951bf4ca172a286e1379e2,
        type: 3}
      propertyPath: m_SizeDelta.y
      value: 0
      objectReference: {fileID: 0}
    - target: {fileID: 9109517952538008808, guid: e4761b76ee951bf4ca172a286e1379e2,
        type: 3}
      propertyPath: m_AnchoredPosition.x
      value: 0
      objectReference: {fileID: 0}
    - target: {fileID: 9109517952538008808, guid: e4761b76ee951bf4ca172a286e1379e2,
        type: 3}
      propertyPath: m_AnchoredPosition.y
      value: 0
      objectReference: {fileID: 0}
    - target: {fileID: 9191901071305272229, guid: e4761b76ee951bf4ca172a286e1379e2,
        type: 3}
      propertyPath: m_SizeDelta.y
      value: 0
      objectReference: {fileID: 0}
    - target: {fileID: 9196489316631978099, guid: e4761b76ee951bf4ca172a286e1379e2,
        type: 3}
      propertyPath: m_AnchorMax.y
      value: 0
      objectReference: {fileID: 0}
    - target: {fileID: 9196489316631978099, guid: e4761b76ee951bf4ca172a286e1379e2,
        type: 3}
      propertyPath: m_AnchorMin.y
      value: 0
      objectReference: {fileID: 0}
    - target: {fileID: 9196489316631978099, guid: e4761b76ee951bf4ca172a286e1379e2,
        type: 3}
      propertyPath: m_SizeDelta.x
      value: 0
      objectReference: {fileID: 0}
    - target: {fileID: 9196489316631978099, guid: e4761b76ee951bf4ca172a286e1379e2,
        type: 3}
      propertyPath: m_SizeDelta.y
      value: 0
      objectReference: {fileID: 0}
    - target: {fileID: 9196489316631978099, guid: e4761b76ee951bf4ca172a286e1379e2,
        type: 3}
      propertyPath: m_AnchoredPosition.x
      value: 0
      objectReference: {fileID: 0}
    - target: {fileID: 9196489316631978099, guid: e4761b76ee951bf4ca172a286e1379e2,
        type: 3}
      propertyPath: m_AnchoredPosition.y
      value: 0
      objectReference: {fileID: 0}
    m_RemovedComponents: []
    m_RemovedGameObjects: []
    m_AddedGameObjects: []
    m_AddedComponents: []
  m_SourcePrefab: {fileID: 100100000, guid: e4761b76ee951bf4ca172a286e1379e2, type: 3}
--- !u!1660057539 &9223372036854775807
SceneRoots:
  m_ObjectHideFlags: 0
  m_Roots:
  - {fileID: 1396847029}
  - {fileID: 875993234}
  - {fileID: 3079439732393421703}
  - {fileID: 3593646571012688380}
